2758 3689
1238 152 1590 201 „10-

281 288 426 330 voi-tea
449 290 497 330 in
523 289 618 331 deu
629 291 981 346 vorhergehenden
1008 304 1153 332 versen
1180 291 1291 343 (dum
1308 291 1425 332 tarda
1442 294 1636 332 senectus
1645 291 1844 344 Indpcat
1839 305 1969 346 rugas
1978 292 2221 347 inficiatque.
2225 294 2381 350 comas)
2407 293 2529 335 echon

284 349 578 406 anffldefitet'
591 353 753 397 Vocem
790 355 905 397 avis
935 355 1062 408 igitur
1096 369 1172 409 pro
1203 356 1454 397 terminat-ivo
1489 354 1652 397 habere
1671 355 1867 405 vinctu»,
1875 355 1964 396 sed
1994 363 2129 397 uti-nm
2150 359 2261 398 avis
2267 358 2450 399 omnibus
2475 371 2528 396 an

282 412 470 456 Codnnto‘
494 416 589 470 soli,
628 418 778 458 reticet.
831 417 918 458 Iam
951 430 1050 458 vero
1075 419 1171 469 ista,
1207 430 1326 473 quam
1355 418 1512 472 posuit,
1545 417 1832 512 interpunctio
1838 417 2005 469 offendit
2030 418 2227 461 simffiter
2234 425 2353 475 atque
2379 420 2422 462 in
2447 418 2515 461 illo

281 490 400 530 quon
427 493 550 533 supra
575 481 708 531 citavi,
734 494 853 521 versu
880 480 1119 530 Tibulliano,

806 542 807 545 ’
859 541 976 584 Tunc
1002 542 1100 584 mihi
1123 542 1210 584 vita
1236 542 1355 593 foret,
1383 542 1494 597 vulgi
1517 557 1594 584 nec
1619 543 1751 585 tn'sfia
1775 556 1934 584 nossem

281 667 456 708 Tumin
478 632 564 709 ¹toto
591 682 709 709 versu
736 669 835 709 nihil
860 675 925 709 est
949 670 1048 720 sani,
1073 618 1303 709 niffqvqoeba
1327 668 1618 723 prolem-que
1640 670 1841 708 ministr
1866 698 1877 708 .
1906 699 1917 708 .
1945 697 1955 708 .
1984 698 1995 708 .
2021 670 2373 714 Lachmannianus
2397 674 2433 715 B
2468 688 2525 714 se·

280 736 474 784 quantem
486 731 652 771 'versum
677 737 804 772 meu-o
830 737 1117 785 repugnantem
1144 731 1265 772 habet
1299 731 1362 771 Et
1386 731 1533 788 ludat
1558 745 1666 785 seqq.
1703 730 1825 773 unde.
1836 732 2032 785 suspicari
2063 732 2217 787 licebit,
2257 736 2451 791 syllabam
2484 744 2525 776 et

282 804 333 834 ex
350 793 440 833 fine
465 793 738 835 antecedentis
763 808 906 835 versus
932 794 986 835 ad
1011 795 1248 848 pentametri
1273 785 1516 849 insequentis
1536 795 1695 873 initium
1721 794 1976 835 descendisse
2001 800 2041 835 et
2066 796 2124 837 sic
2150 798 2277 840 scribi
2302 813 2417 854 posse
2443 799 2522 840 levi

279 856 385 897 facta
411 855 632 897 litterarum
658 859 896 899 mutatione:

1080 949 1249 960 .....
1276 934 1363 970 ave,
1390 920 1619 974 prolemque
1646 920 1837 970 ministra,

1018 981 1155 1023 Ludat
1180 988 1225 1022 ut
1251 997 1360 1036 seqq.

278 1046 397 1096 Quod
424 1046 459 1084 si
483 1058 566 1085 non
591 1045 830 1099 displiceret,
856 1050 1025 1085 restaret
1050 1046 1208 1084 initium
1233 1045 1455 1086 hexametri
1480 1045 1784 1095 restituendum,
1810 1046 1853 1085 in
1878 1058 1958 1099 quo
1985 1058 2126 1086 versus
2152 1047 2376 1103 corruptela
2401 1049 2522 1090 latere

277 1108 446 1147 videtur.
501 1107 711 1157 Quomodo
740 1108 845 1146 enim
872 1108 959 1147 fieri
993 1109 1185 1160 potuerit,
1226 1114 1282 1162 ut·
1302 1114 1421 1161 poeta
1448 1109 1618 1148 Genium
1645 1107 1829 1147 Natalem
1854 1107 2011 1147 iuberet
2035 1109 2178 1148 iterum
2204 1111 2361 1162 venire,
2402 1126 2522 1166 quum

275 1182 393 1210 versu
420 1170 501 1210 iam
526 1170 656 1225 primo
684 1168 834 1224 elegiae
861 1169 977 1210 huius
1004 1182 1095 1211 eum
1122 1170 1176 1212 ad
1202 1185 1295 1212 aras
1319 1172 1456 1214 venire
1482 1170 1707 1220 affirmaret,
1734 1184 1798 1211 me
1824 1170 1977 1211 nescire
2005 1170 2153 1222 fateor3
2190 1173 2259 1213 sed
2286 1188 2425 1215 versus
2451 1176 2522 1215 ini-

274 1235 374 1272 tium
400 1234 608 1273 restituere
634 1247 715 1273 non
741 1233 884 1272 audeo.
924 1234 986 1273 Ac
1013 1234 1091 1272 nisi
1117 1235 1254 1274 iocosa
1270 1234 1339 1273 illa
1364 1235 1498 1286 imago
1524 1232 1665 1272 turbae
1691 1232 1873 1273 novellae
1899 1239 1991 1273 ante
2011 1232 2176 1274 Cornuti
2202 1235 2324 1289 pedes
2350 1236 2522 1277 ludentis

275 1295 436 1335 Tibullo
463 1297 665 1349 propriam
703 1297 897 1348 resiperet
936 1296 1205 1348 dulcedinem,
1246 1297 1323 1336 hoc
1362 1309 1522 1336 carmen
1560 1297 1640 1335 iam
1674 1295 1843 1335 disticho
1877 1296 2136 1335 antecedente
2168 1310 2193 1335 a
2219 1304 2338 1351 poeta
2367 1299 2521 1338 finitum

274 1357 397 1406 fuisse
424 1364 466 1399 et
492 1357 690 1398 distichon
716 1364 959 1412 postremum
985 1358 1038 1398 ab
1065 1358 1205 1399 eodem
1231 1364 1350 1412 poeta
1375 1358 1477 1399 Italo
1504 1357 1726 1411 profectum
1751 1371 1840 1398 esse
1867 1365 2060 1412 putarem,
2088 1360 2156 1411 qui
2183 1359 2333 1411 elegiae
2360 1362 2521 1413 quintae

275 1420 366 1462 libri
393 1421 560 1460 secundi
586 1420 660 1460 hos
687 1420 843 1460 addidit
869 1434 1007 1461 versus

879 1485 1039 1534 Annue,
1074 1486 1132 1524 sic
1158 1485 1232 1524 tibi
1258 1486 1338 1524 sint
1362 1485 1526 1533 intonsi,
1553 1485 1722 1534 Phoebe,
1749 1484 1893 1538 capilli,

1022 1547 1088 1588 Sic
1115 1554 1186 1588 tua
1212 1553 1403 1602 perpetuo
1432 1547 1483 1587 sit
1508 1547 1581 1587 tibi
1608 1553 1718 1588 casta
1744 1561 1855 1588 soror
1948 1582 1950 1585 Α

276 1624 375 1664 quos
393 1610 569 1650 Kornius
597 1609 669 1663 (M.
698 1610 773 1650 Rh.
797 1610 897 1650 1864
922 1625 960 1665 p.
979 1610 1078 1665 503)
1103 1623 1233 1664 neque
1259 1610 1336 1650 huo
1363 1610 1562 1664 pertinere
1587 1616 1627 1650 et
1651 1624 1678 1650 a
1702 1609 1860 1651 Tibullo
1887 1608 2034 1650 alienos
2062 1624 2148 1651 esse
2174 1616 2280 1651 recte
2307 1612 2519 1653 contendit.

272 1673 461 1715 Similiter
485 1674 564 1713 Hic
591 1673 746 1713 Natalis
773 1673 880 1714 nullo
906 1671 1023 1713 mod'o
1051 1688 1143 1713 cum
1169 1674 1337 1714 disticho
1367 1674 1428 1712 19.
1452 1674 1504 1713 20
1530 1673 1715 1726 coniungi
1740 1679 1881 1726 potest,
1909 1674 2017 1727 quod
2043 1674 2148 1714 nullo
2174 1674 2296 1714 verbo
2324 1675 2519 1715 adventus

271 1738 357 1789 eius
385 1736 658 1778 adumbratur.
699 1736 783 1777 Nec
812 1737 845 1777 si
862 1736 1082 1789 legeremus
1110 1735 1191 1777 Sic
1218 1737 1386 1777 veniat
1412 1735 1476 1775 vel
1503 1735 1618 1776 Tum
1645 1737 1829 1787 veniat,
1858 1737 2046 1776 transitus
2072 1736 2163 1776 talis
2187 1736 2344 1777 tolerari
2371 1746 2518 1790 posset.

272 1801 412 1854 Neque
439 1806 592 1850 tamen,
620 1806 664 1839 ut
690 1801 732 1840 in
758 1799 848 1839 loco
875 1799 1144 1852 desperando,
1178 1800 1228 1839 iis
1254 1813 1441 1852 magnam
1468 1798 1596 1839 habeo
1622 1799 1759 1850 fidem,
1786 1813 1905 1853 quae,
1932 1805 1977 1839 ut
2001 1798 2101 1840 illud
2125 1805 2233 1840 tuos
2257 1800 2310 1841 ad
2337 1800 2518 1841 Natalem

269 1863 407 1905 referri
432 1868 579 1917 posset,
608 1863 877 1903 conieceram:

850 1926 1002 1976 Intera,
1030 1926 1204 1975 Natalis,
1231 1939 1324 1975 ave,
1351 1924 1579 1978 prolemque
1607 1925 1795 1975 ministra,

986 2015 999 2034 .„
1013 1989 1148 2028 Ludat
1175 1995 1219 2027 ut
1245 1994 1336 2028 ante
1361 1994 1452 2027 tuos
1478 1987 1595 2027 turba
1621 1987 1777 2027 novella
1803 1988 1937 2041 pedes.

271 2053 350 2092 Sed
375 2059 458 2092 tum
487 2052 657 2101 demum,
684 2064 806 2104 quum
834 2050 909 2091 hoc
938 1970 1136 2090 ‹ketichon
1163 2064 1184 2089 e
1212 2056 1325 2090 textu
1352 2050 1527 2099 eieceris,
1556 2051 1688 2090 omnia
1707 2063 1793 2089 sese
1820 2050 1967 2091 habent
1993 2051 2158 2104 optime3
2184 2057 2268 2091 tum
2295 2052 2416 2092 series
2444 2054 2518 2093 ori-

268 2124 333 2156 tur
359 2115 540 2156 binorum
567 2114 843 2164 distichorum,
886 2128 990 2168 quae
1016 2115 1121 2153 inter
1147 2128 1189 2153 se
1218 2114 1429 2153 cohaerere
1455 2118 1574 2166 poeta
1600 2113 1679 2153 iam
1706 2127 1753 2153 eo
1781 2114 2037 2167 significavit,
2078 2113 2185 2167 quod
2211 2114 2350 2155 eadem
2375 2115 2517 2165 littera,

269 2185 438 2232 excepto
465 2177 737 2217 tantummodo
765 2178 891 2230 primo
918 2178 1022 2230 pari,
1049 2177 1308 2230 incipiuntur,
1340 2176 1455 2230 quasi
1483 2176 1594 2216 dicas
1619 2176 1899 2218 alliteratione:
1944 2177 2032 2232 Ipse
2059 2200 2110 2208 -
2137 2176 2250 2217 Illius
2276 2176 2440 2218 Annuat
2466 2203 2515 2209 —

270 2243 458 2294 Auguror
484 2241 568 2280 Nec
597 2240 668 2280 tibi
695 2264 747 2270 —
775 2239 859 2280 Nec
886 2240 958 2280 tibi
986 2240 1093 2281 Vota
1120 2263 1171 2269 —
1198 2239 1380 2279 Vincula.

431 2303 640 2355 ‚Elegiam
666 2303 732 2353 11.,
760 2306 786 2344 3
827 2317 946 2357 quam
980 2318 1060 2344 non
1093 2303 1247 2343 lacunis
1280 2304 1350 2343 sed
1383 2302 1750 2356 interpolationibus
1782 2302 1964 2343 laborare
1991 2304 2086 2343 mihi
2117 2318 2349 2356 persuasum
2376 2305 2523 2355 habeo„

271 2375 407 2422 postea
434 2366 712 2406 tranctandam
738 2372 779 2405 et
805 2380 895 2405 cum
923 2366 1052 2420 elegia
1077 2366 1152 2416 IL,
1192 2366 1218 2404 5
1251 2365 1559 2419 comparandam
1592 2364 1687 2405 mihi
1706 2366 1913 2419 proposui.
1967 2365 2084 2406 Nunc
2110 2367 2162 2406 ad
2188 2367 2255 2417 IL,
2294 2368 2323 2407 4
2348 2374 2517 2418 transeo,

270 2432 383 2470 cuius
408 2436 544 2483 partes
569 2443 650 2469 non
678 2429 818 2469 eodem
845 2429 964 2469 modo
991 2430 1043 2469 ab
1075 2428 1356 2481 interpretibus
1391 2428 1608 2467 disiunctas
1635 2441 1721 2467 esse
1749 2428 1877 2467 video.
1932 2428 2333 2474 Wunderlichius
2367 2436 2517 2483 septem

266 2508 335 2534 eas
362 2499 513 2547 partes,
555 2492 698 2546 quibus
726 2492 898 2545 elegiam
926 2498 1109 2533 constare
1136 2496 1267 2545 putat,
1307 2490 1383 2531 hoc
1424 2490 1540 2530 modo
1580 2492 1683 2530 inter
1715 2504 1758 2530 se
1795 2491 2004 2533 disiunxit:
2041 2490 2159 2531 ‘Cum
2185 2507 2312 2545 neque
2340 2494 2516 2532 carmina

266 2556 410 2606 mollia,
438 2555 600 2608 quibus,
629 2561 673 2594 ut
699 2554 749 2594 ad
779 2568 954 2594 amorem
981 2555 1247 2609 pelliceretur,
1276 2553 1477 2594 celebrata
1504 2559 1589 2593 erat
1615 2552 1814 2604 Nemesis,
1843 2553 2057 2607 quidquam
2083 2555 2359 2608 profecissent,
2388 2569 2516 2608 neque

265 2621 350 2672 ipse
378 2632 525 2666 amore,
553 2632 630 2670 quo
660 2624 745 2656 erat
772 2618 958 2666 irretitus,
987 2617 1153 2666 exsolvi,
1182 2623 1252 2656 aut
1279 2617 1436 2656 dolores
1455 2617 1621 2669 amplius
1647 2616 1817 2656 tolerare
1836 2623 1981 2669 posset,
2012 2618 2140 2656 1--20
2157 2618 2298 2670 quovis
2326 2618 2513 2666 facinore,

266 2681 330 2721 vel
358 2679 567 2732 sacrilegio
596 2679 717 2729 dona,
758 2679 903 2733 quibus
929 2679 1003 2721 illa*
1025 2680 1221 2733 capiatur,
1263 2692 1404 2733 parare
1438 2678 1545 2732 apud
1577 2679 1752 2719 animum
1785 2692 1899 2718 suum
1936 2679 2149 2719 constituit.
2203 2680 2331 2720 —26.
2385 2679 2515 2719 Huius

266 2758 363 2783 vero
390 2742 546 2782 consilii
570 2743 773 2796 impietate
799 2748 911 2782 tanta
937 2743 1023 2782 eius
1050 2748 1321 2782 commovetur
1346 2742 1419 2791 ira,
1447 2747 1490 2780 ut
1515 2741 1631 2782 modo
1659 2742 1850 2782 avaritiae
1878 2741 2099 2795 puellarum
2125 2748 2308 2782 auctores
2334 2755 2515 2781 exsecre-

264 2816 345 2857 tur,
377 2830 424 2834 —-
442 2807 505 2846 34.
533 2805 670 2855 modo,
706 2818 757 2844 ne
785 2819 932 2845 avarae
966 2804 1216 2859 pulchritudo
1250 2804 1424 2859 corporis
1465 2805 1684 2857 contingat,
1720 2810 1843 2857 optet,
1882 2828 1930 2834 —
1946 2804 2009 2845 38.
2037 2805 2153 2845 mode
2181 2805 2289 2844 diras
2317 2806 2371 2854 ei,
2412 2819 2514 2858 quae

267 2883 401 2909 amore
429 2868 601 2907 habendi
627 2873 827 2918 teneatur,
868 2868 1125 2921 gravissimas
1151 2873 1352 2921 precetur3
1382 2889 1428 2896 --
1445 2867 1508 2907 45.
1542 2881 1620 2921 qua
1653 2867 1839 2907 felicitate
1866 2867 1997 2921 puella
2032 2868 2135 2908 bono
2163 2868 2321 2920 ingenio
2349 2867 2511 2919 fruatur,

265 2933 424 2986 egregie
453 2931 613 2971 docens.
668 2932 796 2971 -50.
841 2931 1022 2971 Nemesis
1048 2937 1180 2972 tamen
1207 2945 1328 2984 quum
1356 2931 1473 2985 unice
1499 2931 1612 2970 donis
1640 2931 1730 2984 capi
1756 2944 1870 2983 posse
1899 2930 2157 2983 intellegeret,
2186 2944 2226 2968 se
2255 2930 2358 2969 hane
2384 2930 2512 2983 legem

264 3009 430 3049 gravem
458 2999 714 3048 accepturum
740 3008 827 3034 esse
853 2995 1078 3048 profitetur,
1106 2999 1151 3034 ut
1177 2994 1352 3034 animum
1379 2991 1502 3043 illius,
1530 2994 1706 3046 paternis
1733 2992 1848 3033 bonis
1875 2992 2065 3043 venditis,
2100 2992 2226 3045 pretio
2255 2992 2431 3045 expleat,
2473 3002 2520 3041 et

262 3070 500 3111 quocunque
529 3069 648 3095 onere
677 3063 861 3110 suscepto
888 3056 964 3096 sibi
991 3053 1196 3096 conciliet'.

452 3119 608 3160 Eadem
635 3119 719 3159 fere
746 3120 957 3173 partitione
984 3133 1101 3160 usum
1128 3133 1214 3160 esse
1241 3119 1359 3159 video
1387 3118 1592 3169 Haasium.
1609 3119 1675 3171 qui
1701 3119 1776 3158 hoc
1802 3125 1957 3160 tantum
1984 3133 2009 3158 a
2035 3117 2334 3158 WVunderlichio
2367 3119 2508 3169 differt,

264 3184 372 3240 quod
399 3196 588 3223 versuum
615 3196 760 3238 corpus
787 3181 880 3222 inde
907 3195 932 3221 a
957 3182 1084 3236 primo
1111 3195 1235 3236 usque
1263 3181 1315 3223 ad
1350 3181 1581 3223 vicesimum
1608 3181 1750 3223 iterum
1785 3181 1928 3223 dividit
1954 3187 1994 3223 et
2021 3181 2242 3231 servitium,
2269 3180 2310 3222 in
2336 3196 2414 3236 quo
2443 3182 2510 3223 'ri-
