2758 3689
247 1025 521 1136 Quamquam
546 1086 621 1112 nec
648 1073 698 1112 de
724 1074 859 1112 critica
884 1072 1095 1126 elegiarum
1122 1071 1269 1112 Tibulli
1295 1073 1519 1112 condicione
1546 1073 1587 1111 in
1614 1073 1839 1111 universum
1865 1073 2063 1125 disputare
2090 1087 2163 1113 nec
2190 1075 2240 1113 de
2266 1076 2476 1114 reconditis

247 1124 343 1175 a—rtis
369 1125 613 1176 Tibullianae
640 1135 915 1175 subtilitatibus
942 1135 1065 1176 verba
1098 1135 1230 1175 facere
1256 1133 1349 1174 mihi
1375 1134 1572 1189 proposui,
1608 1140 1759 1186 tamen,
1792 1135 2017 1188 priusquam
2053 1136 2107 1175 ad
2133 1137 2325 1190 quosdam
2358 1136 2475 1177 huius

247 1205 384 1250 poetae
418 1198 526 1239 locos
560 1198 795 1238 descendam
827 1197 1164 1251 pertractandos,
1179 1212 1306 1250 pauca
1337 1197 1530 1250 proferam
1565 1197 1614 1237 de
1649 1197 1798 1250 elegiae
1823 1197 1900 1247 IV,
1940 1198 1965 1236 6
2001 1199 2294 1251 compositione.
2361 1199 2477 1240 Unus

246 1260 350 1299 enim
377 1271 522 1312 eorum,
550 1261 616 1314 qui
642 1274 724 1300 non
750 1260 876 1300 solum
902 1259 1037 1311 latine,
1065 1259 1136 1300 sed
1153 1260 1281 1310 etiam,
1308 1266 1352 1298 ut
1369 1259 1568 1313 Gruppius
1595 1260 1730 1312 poscit,
1757 1259 1907 1313 poetice
1934 1260 2071 1310 sciunt,
2100 1259 2264 1301 Carolus
2281 1261 2475 1312 Primus,

245 1336 365 1375 quum
391 1324 547 1375 egregie
575 1329 747 1376 exponat
788 1322 944 1375 (Jahrb.
975 1323 1072 1362 1861
1102 1336 1191 1375 pag.
1220 1322 1314 1375 149)
1355 1336 1431 1374 qua
1466 1328 1551 1361 arte
1578 1321 1758 1361 Tibullus
1784 1323 1825 1360 in
1852 1321 2087 1362 adornandis
2115 1322 2311 1375 Sulpiciae
2338 1324 2475 1376 elegiis

246 1398 338 1424 usus
364 1386 432 1436 sit,
471 1392 603 1425 tamen
636 1386 678 1424 in
704 1385 957 1438 disponendis
982 1385 1097 1424 huius
1132 1385 1316 1423 carminis
1341 1384 1519 1423 versibus
1547 1385 1740 1423 erravisse
1766 1383 1861 1422 mihi
1886 1383 2051 1424 videtur.
2114 1384 2177 1424 Ita
2203 1386 2308 1424 enim
2334 1399 2474 1425 versus

245 1446 447 1520 distinguit
477 1447 675 1500 Prienius,
709 1454 752 1488 ut
784 1447 945 1488 exordio
979 1447 1057 1488 duo
1092 1446 1259 1487 disticha
1294 1446 1501 1497 concedat,
1542 1451 1772 1499 argumento
1812 1445 1961 1499 reliqua
1995 1445 2140 1486 tribuat
2174 1447 2355 1497 disticha,
2397 1448 2472 1488 hac

247 1523 339 1550 usus
365 1511 555 1564 imagine:

364 1573 505 1613 exord:
532 1573 804 1628 A(2dist.);
830 1588 979 1627 argum.
1007 1573 1428 1628 B4(2÷2)dist.
1457 1571 2150 1624 α-ῑ-βΝΒ’4(2-Ι-2)ᾶὶεῒ.
2176 1573 2356 1623 [SV-kd

242 1640 323 1672 tum
351 1649 443 1674 vero
470 1635 649 1687 neglecta
675 1636 853 1675 codicum
879 1637 1110 1676 auctoritate
1136 1637 1316 1674 versibus

868 1699 1010 1740 Adnue
1036 1713 1312 1753 purpureaque
1337 1698 1428 1738 veni
1455 1698 1658 1752 perlucida
1683 1696 1807 1751 palla·

844 1766 849 1778 ⁸
926 1761 1007 1802 Ter
1031 1762 1104 1802 tibi
1130 1762 1176 1801 fit
1200 1760 1297 1811 libo,
1324 1767 1402 1812 ter,
1431 1761 1507 1801 dea
1534 1766 1659 1812 casta,
1686 1773 1794 1800 mero

244 1826 283 1863 in
309 1824 387 1863 fine
414 1824 561 1876 elegiae
588 1825 786 1864 collocatis
813 1824 1028 1877 elegantius
1055 1839 1142 1863 eam
1178 1824 1392 1864 concludat.
1446 1823 1526 1863 Sed
1552 1838 1673 1877 quum
1698 1824 1815 1872 haec,
1856 1837 1974 1877 quam
2007 1823 2081 1862 sibi
2108 1824 2240 1873 finxit,
2281 1825 2473 1877 elegantia

243 1885 349 1926 nulla
389 1892 448 1926 est
486 1912 537 1917 --
574 1887 650 1926 nisi
689 1887 789 1927 forte
816 1887 920 1927 Juno
959 1886 1037 1927 libo
1077 1900 1261 1939 meroque
1300 1885 1493 1939 placanda
1528 1886 1804 1938 elegantiorem
1838 1886 2024 1925 carminis
2058 1886 2208 1925 exitum
2244 1886 2390 1927 efficiat
2426 1901 2474 1926 ea

244 1947 424 2000 Junone,
452 1961 553 2002 quae
581 1963 605 1988 a
630 1955 748 2002 poeta
774 1954 930 2002 rogata,
957 1954 1001 1988 ut

1191 2012 1322 2050 veniet
1348 2024 1468 2064 quum
1494 2012 1699 2065 proximus
1726 2024 1855 2050 annus

935 2074 1012 2115 Hic
1038 2074 1144 2114 idem
1168 2075 1271 2115 votis
1297 2075 1375 2114 iam
1400 2082 1515 2114 vetus
1542 2074 1645 2114 adsit
1670 2088 1782 2114 amor

241 2147 596 2188 commodissimum
623 2147 675 2188 ad
697 2153 936 2202 postremum
962 2149 1148 2202 deinceps
1174 2148 1332 2189 carmen
1358 2147 1421 2198 11„
1449 2148 1475 2189 2
1492 2148 1699 2188 transitum
1725 2153 1810 2188 erat
1834 2148 2057 2202 praebitura
2074 2174 2124 2179 —
2151 2155 2246 2201 tum,
2273 2150 2356 2189 sive
2383 2163 2473 2190 cum

241 2210 492 2250 Lachmanno
519 2225 556 2250 v.
586 2211 636 2249 19
660 2210 801 2263 legeris
828 2211 880 2250 Si
905 2211 1085 2250 iuveni
1110 2217 1254 2263 grata
1281 2211 1364 2249 sive
1391 2210 1559 2264 Gruppii
1583 2209 1792 2250 lectionem
1817 2210 1915 2261 Sis,
1942 2211 2093 2263 Juno,
2126 2216 2271 2265 grata
2297 2225 2422 2266 nuper
2449 2226 2473 2252 a

241 2273 551 2313 Drenckhahnio
580 2273 737 2326 (Progr.
764 2273 928 2314 Putbus.
972 2275 1087 2322 1862)
1116 2281 1251 2313 contra
1276 2275 1403 2327 ipsum
1428 2273 1545 2313 huius
1572 2273 1855 2313 emendationis
1882 2281 2080 2314 auctorem
2105 2275 2243 2313 merito
2271 2274 2473 2314 defensam

239 2336 376 2386 tueris,
403 2335 475 2376 hoc
503 2336 660 2389 quidem
678 2342 846 2388 constat,
874 2343 1013 2390 quater
1029 2337 1206 2377 invocari
1224 2336 1438 2387 Junonem,
1466 2342 1507 2376 et
1531 2337 1623 2376 inde
1640 2336 1850 2390 petendam
1877 2350 1964 2376 esse
1992 2337 2106 2376 huius
2133 2335 2283 2389 elegiae
2309 2337 2473 2390 disposi-

240 2399 396 2438 tionem.
462 2398 551 2438 Hoc
590 2399 709 2451 igitur
735 2400 851 2439 modo
877 2405 994 2453 poeta
1022 2399 1175 2452 singula
1213 2398 1379 2439 disticha
1404 2411 1493 2439 sese
1519 2399 1704 2452 excipere
1732 2397 1875 2449 voluit,
1915 2405 1959 2438 ut
1994 2405 2160 2453 quatuor
2186 2398 2275 2438 illae
2300 2399 2473 2439 Junonis

241 2461 518 2501 obtestationes
546 2462 726 2501 binorum
753 2462 1005 2502 distichorum
1032 2463 1083 2502 ad
1110 2461 1305 2516 Sulpiciae
1332 2475 1505 2502 amorem
1532 2461 1792 2515 spectantium
1817 2462 2020 2503 intervallo
2046 2462 2341 2514 distinerentur3
2368 2463 2473 2502 hanc

240 2536 334 2563 vero
360 2523 614 2564 distichorum
639 2524 929 2564 distinctionem
955 2531 1171 2565 structurae
1205 2524 1388 2564 carminis
1413 2523 1504 2575 IV„
1544 2524 1570 2563 5
1597 2537 1622 2563 a
1647 2524 1805 2564 Prienio
1832 2530 2005 2564 ceterum
2035 2531 2141 2565 recte
2167 2523 2389 2577 explicatae
2415 2538 2474 2566 1·οε

241 2586 433 2638 spondere
460 2600 507 2627 eo
533 2587 684 2627 facilius
716 2586 966 2637 crediderim,
995 2587 1099 2641 quod
1124 2592 1241 2640 poeta
1265 2586 1344 2626 illic
1369 2586 1611 2640 Apollinem,
1638 2586 1704 2626 hic
1730 2586 1929 2627 Junonem
1963 2586 2078 2626 simili
2109 2586 2239 2627 oblata
2265 2588 2474 2627 occasione

239 2655 351 2702 rogat
377 2649 579 2689 auxilium.
633 2650 750 2699 Quod
777 2651 807 2688 s‘
835 2664 971 2689 verum
998 2655 1073 2700 est,
1101 2663 1174 2689 nec
1190 2649 1372 2689 turbatur
1397 2649 1654 2689 distichorum
1681 2648 1798 2701 ordo,
1825 2656 1865 2688 et
1890 2649 1986 2689 haec
2014 2651 2187 2690 nascitur
2215 2649 2382 2702 simplex
2407 2650 2475 2690 illa

224 2711 397 2764 >quidem
424 2712 493 2752 sed
509 2713 571 2769 *ad
597 2713 789 2767 gravitate
855 2713 1075 2766 argumenti
1099 2712 1245 2766 optime
1273 2713 1567 2753 accommodata
1593 2725 1779 2752 versuum
1804 2711 1952 2764 figura:

822 2790 848 2814 α
874 2781 925 2825 -†-
951 2777 998 2830 β)
1026 2783 1078 2819 ὲ
1104 2774 1173 2815 Λ”
1200 2774 1257 2827 (α’
1284 2780 1335 2823 -4-
1359 2774 1413 2827 β’)
1439 2782 1493 2819 ὲ
1517 2774 1597 2816 Am
1624 2774 1690 2827 (α”
1717 2781 1767 2822 -1-
1795 2774 1861 2828 β’)
1890 2774 1990 2815 Am.

590 2847 741 2889 Natalis
766 2848 891 2901 Juno‚
919 2855 1077 2890 sanctos
1104 2862 1200 2902 cape
1226 2848 1326 2889 turis
1352 2859 1535 2899 acervos,

734 2911 843 2961 Quos
868 2912 939 2952 tibi
966 2912 1033 2952 dat
1057 2918 1197 2952 tenera
1224 2911 1341 2951 docta
1366 2909 1498 2964 puella
1524 2925 1655 2952 manu.

837 2973 939 3014 'rota
963 2974 1036 3014 tibi
1062 2980 1121 3013 est
1146 2972 1283 3025 hodie,
1309 2973 1382 3012 tibi
1407 2987 1449 3012 se
1475 2973 1686 3013 laetissime
1713 2975 1900 3026 compsit,

982 3036 1114 3077 Staret
1138 3042 1181 3076 ut
1207 3042 1297 3076 ante
1324 3043 1411 3076 tuos
1439 3036 1717 3090 conspicienda
1742 3035 1865 3077 focos.

837 3100 909 3140 Illa
936 3100 1092 3154 quidem
1121 3098 1288 3139 ornandi
1314 3111 1452 3138 causas
1479 3099 1572 3149 tibi,
1600 3099 1713 3149 diva,
1740 3099 1909 3153 relegat:

980 3162 1054 3202 Est
1079 3170 1232 3211 tamen,
1261 3161 1410 3201 occulte
1439 3163 1504 3201 0111
1529 3161 1724 3214 placuisse
1753 3161 1859 3202 velit.
