2758 3689
1210 127 1531 175 —4-

609 269 663 309 At
690 274 751 318 tu,
781 274 937 318 sancta,
966 268 1076 318 fave,
1103 281 1181 308 neu
1208 266 1297 321 quis
1323 258 1697 315 divellat'amantes,

754 330 832 372 Sed
857 331 992 371 iuveni
1018 344 1166 384 quaeso
1192 335 1328 370 mutua
1352 328 1485 369 vincla
1508 341 1618 382 para.

857 394 922 433 Sic
950 393 1052 434 bene
1080 406 1311 447 compones:
1338 391 1407 432 ulli
1439 404 1519 431 non
1544 389 1609 430 ille
1636 387 1785 443 puellae

1001 457 1157 496 Sex-vire
1184 461 1253 495 aut
1278 455 1459 508 cuiquam
1486 453 1641 506 dignior
1667 451 1733 491 illa
1759 452 1857 491 viro.

857 517 941 558 Nec
968 519 1094 572 possit
1120 518 1284 572 cupidos
1310 517 1476 569 vigilans
1503 515 1745 568 deprendere
1774 521 1916 562 custos,

1002 579 1262 634 Fallendique
1288 579 1373 619 vias
1399 578 1504 618 mille
1530 577 1723 617 ministret
1748 575 1881 616 Amor.

608 654 750 693 Annue
778 667 1051 708 purpureaque
1078 654 1172 693 veni
1197 652 1397 707 perlucida
1422 651 1545 705 palla:

755 716 836 756 Ter
861 717 932 757 tibi
959 717 1004 757 fit
1029 716 1130 766 libo,
1157 721 1235 768 ter,
1262 716 1336 756 dea
1363 721 1493 766 casta,
1520 727 1639 754 mero.

859 779 1085 834 Praecipiat
1110 784 1228 820 natae
1254 783 1378 818 mater
1406 777 1591 828 studiosa,
1619 776 1724 831 quod
1749 781 1876 829 optet:

1005 841 1078 882 Illa
1105 842 1214 882 aliud
1240 841 1360 882 tacita
1386 840 1488 880 clam
1516 840 1590 880 sibi
1616 846 1746 880 mente
1773 844 1896 891 rogat.

863 905 1009 954 Uritur,
1037 911 1081 944 ut
1108 904 1257 944 celeres
1283 910 1401 942 urunt
1426 903 1565 942 altaria
1591 902 1782 951 flammae,

1004 966 1099 1017 Nec,
1127 967 1244 1008 liceat
1271 966 1469 1020 quamvis,
1498 979 1595 1006 sana
1620 965 1739 1005 fuisse
1767 963 1872 1004 velit.

612 1040 686 1090 Sis,
714 1040 833 1089 Juno,
861 1047 994 1092 grata:
1022 1054 1071 1079 ac
1098 1041 1232 1079 veniet
1258 1054 1376 1094 quum
1402 1039 1604 1094 proximus
1632 1051 1769 1088 annus,

755 1101 833 1142 Hic
860 1103 965 1142 idem
991 1104 1092 1142 votis
1119 1104 1199 1143 iam
1226 1109 1337 1142 vetus
1364 1103 1467 1143 adsit
1492 1115 1613 1141 amor.

257 1169 338 1211 Cur
364 1167 647 1208 Lucretianum
672 1163 780 1216 illud,
807 1179 888 1207 11011
910 1164 1174 1206 Tibullianum
1201 1165 1334 1207 ullae
1362 1165 1596 1207 mutaverim
1623 1171 1662 1205 et
1678 1163 1978 1205 Drenckhahnii
2006 1156 2156 1207 Heinsii
2178 1167 2343 1222 Gruppii
2370 1183 2497 1210 emen-

257 1233 434 1273 dationes
460 1255 513 1261 —
540 1230 900 1284 praecipiat—
918 1228 1043 1268 clam
1071 1230 1173 1269 sibi
1199 1255 1251 1260 —-
1278 1229 1376 1279 Sis,
1403 1229 1554 1279 Juno,
1581 1234 1791 1281 grata—
1815 1228 1856 1266 in
1882 1233 2033 1267 textum
2060 1231 2285 1283 receperim,
2312 1232 2386 1271 alio
2414 1232 2499 1273 loco

255 1295 450 1335 rationem
475 1292 658 1342 reddamz,
685 1304 793 1330 nunc
820 1291 872 1331 ad
898 1291 1065 1343 elegiam
1092 1291 1145 1341 Ῑ.,
1177 1294 1196 1332 1
1224 1298 1393 1331 transeo.

443 1365 488 1417 Ῑ.,
519 1368 553 1417 1,
580 1366 617 1407 2.
658 1362 939 1414 Quaerendum
966 1371 1037 1415 est,
1066 1379 1160 1405 1111111
1177 1365 1456 1405 Lachmannus
1483 1371 1587 1406 recte
1614 1364 1802 1417 praebeat
1827 1363 1997 1413 multa,
2026 1379 2144 1417 quum
2171 1366 2348 1406 codicum
2368 1376 2499 1409 aucto-

259 1432 355 1470 ritas
388 1429 514 1482 magis
554 1428 687 1467 faveat
725 1426 885 1466 lectioni
923 1441 1111 1480 magna.
1182 1428 1304 1481 Atqui
1328 1429 1498 1481 perspici
1536 1441 1616 1467 non
1642 1433 1786 1480 potest,
1828 1426 1933 1466 unde
1973 1426 2088 1467 lectio
2128 1442 2302 1481 magna
2336 1431 2500 1471 oriunda

257 1493 412 1544 fuisset,
441 1492 474 1531 si
500 1490 742 1544 archetypus
769 1488 971 1530 habuisset
996 1490 1167 1541 multa3
1195 1490 1370 1531 librarios
1396 1504 1491 1531 vero
1518 1495 1796 1544 excerptorum
1821 1495 2022 1542 auctores,
2050 1491 2117 1544 qui
2142 1491 2364 1544 iugerorum
2395 1495 2500 1548 apud

259 1557 458 1597 Romanos
485 1553 797 1607 magnitudinem
838 1567 991 1607 semper
1025 1554 1193 1593 eandem
1233 1554 1351 1594 fuisse
1387 1568 1467 1593 non
1499 1553 1750 1607 ignorabant,
1791 1552 1976 1593 attributo
2011 1567 2205 1607 magna,
2246 1557 2388 1610 quippe
2421 1572 2499 1610 quo

258 1621 396 1673 iugera
422 1617 489 1658 illa
514 1617 616 1657 male
643 1616 798 1656 definiri
825 1617 1070 1669 viderentur,
1112 1618 1283 1657 offensos
1318 1631 1405 1657 esse
1433 1632 1512 1657 non
1538 1616 1753 1656 miraberis.
1808 1615 1975 1669 Vulpius
2002 1616 2210 1657 Santenius
2238 1618 2399 1659 Vossius
2424 1620 2499 1660 Ba-

260 1683 373 1723 chius
399 1681 568 1722 Jahnius
596 1680 699 1720 hanc
726 1678 935 1720 lectionem
962 1694 1035 1720 ma
1043 1695 1141 1734 gna
1167 1680 1442 1730 defenderunt,
1483 1694 1556 1720 nec
1583 1680 1712 1720 minus
1739 1677 1931 1729 Haasius‚
1964 1693 2081 1733 quem
2108 1680 2157 1720 de
2184 1681 2257 1720 hac
2282 1696 2325 1721 re
2352 1682 2499 1724 Vratis-

259 1746 386 1786 laviae
413 1749 564 1784 aestate
591 1743 686 1783 anni
715 1742 816 1781 1846
852 1744 1006 1796 copiose
1035 1744 1297 1798 disputavisse
1336 1744 1451 1784 video
1486 1757 1537 1783 ex
1564 1742 1828 1797 manuscripto
1862 1742 2038 1796 collegae
2067 1744 2287 1794 cuiusdam,
2330 1746 2395 1798 qui
2422 1745 2498 1786 illis

259 1809 402 1849 Haasii
428 1806 574 1847 scholis
601 1806 738 1846 adfuit.
796 1804 960 1846 Affert
950 1821 1112 1860 msuper
1130 1807 1300 1846 Haasius
1327 1807 1379 1847 ad
1406 1806 1752 1846 demonstrandum
1778 1806 1882 1845 1111110
1908 1820 2023 1844 11511111
2050 1806 2232 1859 exempla
2258 1821 2310 1845 ex
2336 1808 2499 1848 Horatio

258 1872 381 1926 petita
406 1895 459 1900 --
484 1870 738 1909 immetata
763 1869 935 1922 iugera
960 1894 1011 1913 -,-
1039 1882 1246 1922 magnae
1273 1868 1504 1923 legiones
1531 1894 1582 1899 —
1609 1874 1648 1908 et
1674 1882 1696 1908 e
1723 1866 1885 1921 Virgilio
1913 1894 1964 1899 —
1990 1882 2167 1921 magna
2193 1869 2399 1921 talenta3
2432 1872 2500 1911 sed

259 1936 321 1974 his
348 1948 395 1973 eo
436 1934 565 1972 minus
592 1946 689 1985 opus
726 1933 816 1982 fuit,
858 1932 961 1985 quod
997 1934 1169 1986 quinque
1203 1932 1260 1971 illi
1285 1932 1531 1972 Lachmanni
1564 1946 1655 1973 mss.
1646 1963 1675 1984 .,
1716 1933 1855 1984 quibus
1882 1938 2071 1985 excerpta
2106 1938 2146 1971 et
2171 1932 2438 1985 Frisingensia
2464 1940 2502 1973 et

261 1996 530 2050 Scaligeriana
572 1995 694 2035 multo
731 1996 882 2034 minore
917 2002 1007 2035 sunt
1034 1996 1281 2044 auctoritate,
1321 2009 1457 2035 omnes
1485 1995 1672 2034 exhibent
1697 2009 1853 2047 magna.
1906 1994 2071 2033 Poetam
2113 2009 2205 2034 vero
2231 2010 2310 2035 non
2337 1996 2502 2035 decebat

262 2060 336 2099 hoc
364 2059 451 2098 loco
478 2070 687 2097 numerare
716 2058 863 2110 iugera,
890 2057 931 2098 id
958 2057 1061 2112 quod
1088 2057 1182 2097 fecit
1208 2071 1278 2097 suo
1304 2058 1388 2097 iure
1415 2064 1551 2097 auctor
1576 2056 1664 2097 libri
1691 2056 1776 2107 111„
1803 2058 1839 2108 3,
1867 2058 1904 2098 5.

907 2129 990 2171 Aut
1015 2137 1059 2171 ut
1085 2129 1209 2171 multa
1235 2131 1312 2171 mei
1337 2136 1575 2172 renovarent
1600 2131 1737 2185 iugera
1762 2131 1862 2171 tauri

261 2196 332 2236 sed
358 2194 605 2236 latifundium
633 2201 811 2248 spectare
845 2196 1068 2248 iugerormn
1104 2195 1188 2233 sive
1228 2209 1411 2247 agrorum
1450 2195 1716 2248 magnitudine
1752 2195 1985 2235 confectum.
2042 2195 2178 2247 Itaque
2219 2195 2385 2235 dubitari
2426 2209 2505 2235 non

260 2264 407 2313 potest,
437 2257 531 2313 quin
557 2257 731 2312 genuina
758 2256 874 2299 lectio
902 2258 1002 2299 haec
1030 2259 1098 2298 sit:

999 2321 1053 2362 Et
1078 2327 1212 2361 teneat
1239 2321 1331 2361 culti
1357 2322 1494 2375 iugera
1519 2336 1663 2375 magna
1690 2321 1771 2362 soli.

450 2395 495 2445 1.,
527 2397 559 2445 1,
588 2397 625 2435 6.
679 2394 999 2435 Wunderlichius
1027 2397 1079 2436 ad
1105 2396 1210 2435 hunc
1238 2395 1366 2435 locum
1394 2395 1636 2436 Slothouveri
1663 2396 1923 2435 coniecturam

911 2459 967 2498 Mi
993 2473 1083 2498 mea
1109 2465 1319 2512 paupertas
1346 2460 1467 2498 vitam
1493 2460 1672 2499 traducat
1697 2459 1860 2497 inertem

263 2522 407 2562 refutat
435 2520 633 2573 (fortasse,
662 2521 695 2560 si
723 2520 785 2560 ille
813 2521 968 2574 scripsit
994 2536 1081 2571 mc,
1119 2522 1161 2561 id
1188 2522 1294 2574 quod
1325 2523 1476 2572 nescio,
1517 2520 1752 2575 typographi
1779 2534 1909 2560 errore
1938 2522 2144 2573 deceptus3
2186 2535 2278 2560 nam
2304 2521 2419 2561 lectio
2449 2523 2506 2561 mi

261 2599 284 2624 a
313 2583 468 2624 Tibullo
497 2598 657 2637 prorsus
685 2583 815 2624 aliena
842 2585 984 2638 esset);
1012 2585 1082 2625 sed
1109 2585 1143 2624 si
1170 2583 1451 2625 Slothouverus
1478 2584 1725 2625 coniecisset:

905 2648 972 2687 Me
1000 2662 1089 2687 mea
1116 2654 1327 2700 paupertas
1353 2649 1476 2686 vitam
1501 2648 1680 2687 traducat
1706 2649 1868 2686 inertem

261 2724 418 2752 omnem
458 2708 680 2750 sublaturus
721 2716 805 2750 erat
843 2709 1129 2751 difficultatem.
1200 2709 1337 2764 Neque
1371 2710 1477 2750 enim
1510 2710 1613 2764 quod
1652 2709 1934 2750 Lachmannus
1983 2710 2156 2750 omnium
2195 2709 2277 2748 fere
2320 2710 2508 2750 librorum

263 2779 459 2814 concentu
485 2773 625 2812 ductus
653 2772 762 2812 dedit
788 2774 919 2813 vitae
959 2774 1112 2814 inerti
1144 2786 1221 2813 1100
1250 2773 1355 2827 quod
1383 2772 1611 2814 Vincentius
1637 2772 1930 2814 Bellovacensis
1966 2787 2056 2814 cum
2083 2773 2169 2813 2110
2197 2772 2506 2827 Guelferbytano

262 2837 495 2890 conspirans
522 2835 685 2876 exhibet
711 2836 814 2876 vita
839 2837 891 2877 ad
916 2838 1196 2890 grammaticae
1224 2837 1552 2891 interpretationis
1578 2836 1688 2889 leges
1714 2838 1891 2877 revocari
1918 2843 2055 2891 potest.
2096 2836 2199 2876 Nam
2226 2837 2324 2889 quis,
2351 2850 2508 2889 quaeso,

262 2913 437 2953 unquam
463 2898 514 2939 ad
541 2898 664 2939 verba
690 2899 921 2939 traducendi
962 2899 1026 2940 vel
1059 2900 1348 2940 transmittendi
1381 2900 1438 2940 ita
1463 2900 1645 2954 apposuit
1678 2913 1813 2939 casum
1850 2900 2025 2940 dativum
2061 2906 2129 2939 aut
2155 2899 2254 2938 adeo
2282 2898 2507 2948 ablativum,

262 2968 305 3002 ut
330 2962 392 3002 his
419 2961 577 3001 casibus
604 2967 749 3001 metam
775 2960 840 3002 illo
867 2968 976 3002 motu
1002 2962 1265 3016 appetendam
1293 2963 1505 3016 significari
1523 2963 1705 3018 putaret?
1732 2962 1853 3002 Recte
1872 2964 1989 3016 igitur
2006 2963 2189 3012 Haasius,
2217 2962 2280 3000 cui
2304 2963 2506 3011 assentior,

262 3025 479 3065 coniecisse
506 3023 682 3063 videtur:

898 3086 965 3126 Me
993 3101 1082 3137 mea
1109 3093 1319 3141 paupertas
1346 3089 1467 3127 vitam
1492 3088 1673 3129 traducat
1699 3089 1873 3128 inertem.

449 3159 580 3210 Quam
607 3159 722 3201 facile
763 3174 815 3201 ex
852 3160 964 3201 codd.
998 3162 1190 3215 scriptura
1217 3161 1406 3202 VITAN
1443 3162 1526 3202 sive
1554 3161 1702 3211 VITA,
1745 3161 1831 3203 fieri
1872 3163 2040 3215 potuerit
2068 3159 2237 3201 VITAE
2278 3162 2340 3202 vel
2367 3161 2509 3210 VITA,
