2758 3689
1262 137 1585 187 ,8.-

297 289 385 315 rure
412 299 464 305 -—
490 289 591 316 rure.
645 275 759 315 Haec
787 275 1080 329 compositionis
1107 275 1362 329 aequabilitas
1390 276 1541 317 deletur
1567 290 1631 315 vv.
1658 275 1728 325 53,
1755 275 1807 315 54
1834 282 1873 316 01
1899 277 1968 325 57,
1996 276 2060 316 58.
2119 277 2182 318 Illi
2208 279 2392 329 disticho,
2433 279 2537 332 quod

297 339 592 391 responsionem
618 339 729 388 tollit,
758 338 999 391 praecedunt
1025 338 1065 377 hi
1091 352 1228 378 versus

899 399 1088 453 Agricola
1114 402 1272 442 assiduo
1300 403 1467 456 primum
1491 402 1652 441 satiatus
1680 407 1810 441 aratro

1049 464 1236 505 Cantavit
1263 469 1369 505 certo
1396 465 1544 505 rustica
1570 464 1693 505 verba
1719 463 1831 518 pede.

294 527 415 577 Quod
442 529 620 582 sequitur
646 527 857 567 distichon:
898 527 952 567 Et
980 534 1088 567 satur
1114 529 1241 567 arenti
1268 529 1433 582 primum
1461 535 1520 568 est
1546 528 1768 568 modulatus
1795 542 1922 568 avena

1050 590 1220 631 Carmen
1248 598 1290 630 ut
1315 595 1473 630 ornatos
1500 589 1648 630 diceret
1673 597 1765 630 ante
1792 590 1887 631 deos

295 655 478 707 equidem
507 653 679 707 spurium
708 664 794 690 esse
822 653 1020 692 existimo.
1074 652 1177 693 Nam
1204 667 1323 707 quum
1349 652 1392 693 id
1418 652 1619 702 distichon,
1647 652 1754 706 quod
1781 653 1993 707 praecedit,
2021 657 2236 697 carminum
2263 658 2538 709 bucolicorum,

296 723 334 756 et
361 716 466 769 quod
492 717 683 769 sequitur:
899 715 1086 768 Agricola
1112 722 1151 755 01
1177 717 1296 755 11111110
1324 717 1507 766 suffusus,
1534 715 1707 766 Bacche,
1735 716 1890 755 rubenti

1045 780 1201 819 Primus
1227 781 1431 832 inexperta
1458 778 1572 818 duxit
1598 778 1650 819 ab
1676 784 1759 819 arte
1786 778 1924 819 choros

296 842 600 883 dramaticorum
625 844 736 883 inin‘a
763 843 976 892 describat,
1018 842 1090 882 hoc
1118 842 1310 882 distichon
1342 843 1529 882 miserum
1561 843 1601 881 in
1628 842 1786 882 modum
1811 842 2033 882 claudicare
2066 845 2232 886 videtur.
2285 848 2346 888 Ac
2373 849 2539 902 primum

297 905 458 959 quidem
485 920 614 946 novae
642 906 807 946 alicuius
834 907 929 946 artis
956 906 1062 958 origo
1090 920 1168 946 non
1195 911 1523 959 repraesentatur3
1566 919 1656 945 nam
1688 919 1739 946 ne
1770 904 1820 945 de
1851 906 1946 946 artis
1977 906 2150 947 musicae
2183 909 2410 951 inventione
2438 913 2539 964 cogi-

297 974 437 1017 temus,
465 976 645 1008 vetamur
670 969 803 1008 verbis
839 967 898 1007 ‘ut
924 974 1081 1008 ornatos
1110 968 1301 1007 diceret
1326 974 1417 1007 ante
1446 965 1569 1018 deos’3
1608 974 1691 1007 tum
1730 967 1826 1007 illud
1866 975 2006 1008 satur
2044 969 2145 1009 male
2171 979 2330 1013 resonat
2363 974 2405 1014 id
2436 974 2539 1027 quod

297 1030 414 1070 modo
442 1032 651 1071 antecessit
678 1032 911 1082 satiatus3
939 1030 1009 1069 sed
1036 1044 1158 1083 quum
1186 1031 1290 1070 notio
1317 1031 1413 1071 haec
1441 1031 1571 1071 verbis
1598 1029 1799 1070 assiduo
1826 1037 1994 1072 aratro
2019 1032 2132 1071 iuxta
2155 1036 2292 1087 positis
2318 1037 2460 1090 optime
2487 1036 2539 1077 ad

297 1093 448 1134 labores
476 1101 652 1147 agrestes
677 1101 896 1145 revocetur,
924 1094 996 1134 hoc
1024 1099 1158 1133 satur
1185 1108 1311 1146 aequa
1330 1094 1554 1138 definitione
1582 1100 1700 1134 caret.
1743 1093 1925 1147 Denique
1952 1109 2074 1147 quum
2094 1096 2223 1148 priore
2250 1098 2414 1139 disticho
2441 1101 2540 1152 agri-

297 1156 383 1197 cola
417 1157 539 1196 animi
573 1157 779 1198 recreandi
813 1171 934 1196 causa
968 1161 1116 1206 cantet,
1157 1155 1220 1196 hic
1256 1157 1404 1196 ventris
1432 1157 1607 1197 satietate
1632 1156 1685 1197 ad
1711 1157 1895 1196 carminis
1923 1157 1984 1197 sui
2009 1157 2312 1200 modulationem
2339 1167 2378 1201 et
2401 1163 2539 1202 recita-

296 1222 444 1259 tionem
470 1221 692 1273 impellitur,
719 1235 837 1273 quam
865 1221 1053 1273 ineptiam
1080 1233 1105 1257 a
1132 1219 1286 1258 Tibullo
1313 1219 1480 1258 alienam
1507 1234 1592 1259 esse
1618 1225 1725 1272 puto.
1778 1219 1947 1259 Accedit
1973 1222 2078 1273 quod
2111 1222 2233 1261 verba
2258 1223 2536 1263 modulatus

298 1296 387 1322 ave
401 1297 460 1321 na
488 1283 678 1335 originem
707 1297 817 1322 suam
844 1282 1113 1334 vergilianam
1140 1289 1273 1335 aperte
1300 1296 1373 1320 nec
1402 1283 1484 1321 sine
1511 1282 1696 1321 laudabili
1723 1282 1894 1334 quadam
1921 1284 2092 1322 auctoris
2126 1284 2347 1324 sinceritate
2373 1300 2469 1338 prae
2497 1301 2539 1326 se

296 1345 440 1384 ferunt.
481 1345 621 1398 Itaque
647 1345 720 1385 hoc
749 1344 915 1385 disticho
943 1345 1068 1385 eiecto
1096 1358 1175 1384 non
1202 1344 1316 1383 modo
1334 1343 1430 1383 nihil
1456 1344 1634 1384 turbatur
1651 1344 1931 1384 sententiarum
1949 1344 2054 1395 ordo,
2083 1345 2152 1385 sed
2179 1360 2226 1385 ea
2252 1348 2398 1400 potius,
2421 1363 2537 1402 quam

295 1407 477 1446 versibus
504 1414 544 1447 et
569 1408 884 1447 anticcdentibus
911 1415 950 1446 et
976 1406 1232 1460 sequentibus
1259 1408 1387 1446 inesse
1416 1407 1697 1455 demonstravi,
1735 1407 1953 1446 restituitur
1985 1409 2199 1461 responsio.
2267 1408 2450 1450 Similiter
2476 1426 2537 1451 res

295 1484 381 1510 sese
396 1466 527 1510 ‘habet
552 1471 595 1510 in
622 1471 789 1511 disticho
818 1470 884 1511 1110
902 1471 964 1521 57,
992 1471 1057 1511 58.
1099 1470 1186 1510 Hoc
1214 1469 1313 1509 Italo
1340 1470 1458 1509 alicui
1476 1469 1610 1509 deberi
1637 1469 1805 1520 videtur,
1834 1470 1903 1523 qui
1930 1484 2049 1524 quum
2077 1471 2125 1511 de
2143 1472 2370 1524 tragoediae
2397 1476 2537 1514 atticae

300 1533 517 1586 originibus
545 1534 693 1587 aliquid
721 1535 931 1585 didicisset,
959 1534 1098 1574 doctae
1126 1534 1293 1573 astutiae
1321 1534 1519 1587 specimen
1547 1534 1720 1573 editurus
1747 1538 1786 1573 et
1813 1533 1862 1573 de
1889 1533 2013 1574 hirci
2032 1533 2135 1574 illius
2162 1535 2314 1576 stabulo
2340 1537 2382 1577 in
2409 1551 2537 1579 errore

296 1603 496 1646 versatus,
538 1597 578 1637 id
605 1590 710 1651 quod
738 1598 890 1637 iuribus
932 1598 1114 1637 accidere
1143 1597 1256 1645 solet,
1297 1612 1375 1636 non
1402 1598 1443 1636 in
1469 1597 1632 1649 caprile,
1670 1597 1741 1636 sed
1766 1597 1807 1637 in
1835 1597 1937 1637 ovile
1963 1599 2200 1650 penetravit,
2227 1599 2269 1637 in
2295 1600 2379 1652 ipso
2406 1609 2535 1640 autem

294 1661 398 1699 furto
426 1660 693 1713 deprehensus
721 1661 835 1700 foeda
862 1660 1045 1700 facinoris
1073 1660 1132 1699 sui
1160 1659 1314 1713 reliquit
1341 1660 1510 1712 vestigia
1537 1660 1703 1700 disticho
1730 1659 1805 1700 hoc
1834 1661 2062 1714 composito.
2117 1661 2192 1701 Cui
2222 1661 2434 1703 reficiendo
2462 1664 2536 1703 viri

296 1723 513 1763 doctissimi
541 1738 701 1777 operam
728 1723 939 1775 dederunt3
966 1725 1163 1777 optimam,
1192 1728 1235 1763 ut
1261 1724 1301 1763 in
1325 1723 1395 1763 tali
1421 1738 1479 1774 re,
1506 1724 1817 1764 emendationem
1845 1724 2034 1764 debemus
2061 1725 2231 1778 Hauptio
2259 1727 2326 1777 qui
2352 1726 2537 1767 librorum

293 1786 529 1839 scripturam
557 1792 713 1826 secutus
741 1788 925 1827 coniecit:

961 1849 1057 1888 Dux
1084 1850 1237 1902 pecoris
1265 1856 1395 1888 curtas
1422 1856 1586 1888 auxerat
1612 1850 1743 1889 hircus
1770 1864 1875 1903 opes.

294 1912 376 1951 Sed
403 1925 452 1951 ne
479 1911 622 1951 ducem
648 1912 803 1965 pecoris
831 1912 1046 1952 Tibulliani
1071 1912 1224 1951 hircum
1252 1912 1374 1951 fuisse
1400 1919 1600 1966 putemus,
1641 1926 1844 1952 monemur
1871 1912 2039 1953 disticho
2079 1915 2249 1968 quodam
2286 1915 2460 1954 decimae
2497 1916 2537 1953 in

291 1974 388 2015 libro
416 1976 541 2027 primo
566 1974 735 2026 elegiae:

792 2037 883 2077 Non
910 2051 1033 2087 arces,
1062 2051 1143 2076 non
1170 2036 1295 2076 vallus
1322 2043 1417 2087 erat,
1446 2051 1699 2092 somnumque
1726 2037 1884 2091 petebat

918 2100 1090 2140 Securus
1117 2103 1250 2140 varias
1276 2100 1360 2140 dux
1386 2101 1520 2152 gregis
1547 2103 1650 2140 inter
1676 2114 1790 2152 oves3
1817 2101 1885 2140 ubi
1912 2115 1988 2141 non

292 2164 342 2204 de
371 2164 478 2203 hirco
506 2164 576 2203 sed
603 2163 652 2203 dc
680 2171 836 2217 pastore
864 2164 996 2216 gregis
1024 2163 1187 2203 custode
1215 2165 1386 2216 cogitare
1413 2162 1514 2203 licet.

481 2241 518 2267 v.
546 2228 608 2278 (55,
637 2229 701 2267 6⁸5.
757 2227 1078 2281 Quotiescunque
1106 2226 1175 2268 hos
1202 2242 1339 2268 versus
1366 2226 1444 2280 legi
1472 2226 1787 2280 (Lachmannum
1815 2226 1975 2280 sequor)

792 2291 924 2343 Atque
952 2290 1087 2344 aliqua
1114 2291 1296 2329 assiduae
1323 2291 1471 2330 textrix
1500 2297 1660 2344 operata
1686 2289 1888 2329 Minervae

919 2354 1064 2393 Cantat
1091 2360 1129 2393 et
1155 2353 1344 2406 applauso
1374 2355 1446 2403 (sic
1472 2354 1661 2406 Puecius)
1688 2354 1767 2393 tela
1795 2361 1909 2393 sonat
1935 2355 2054 2393 latere

292 2418 487 2459 offensum
514 2431 576 2457 me
605 2431 691 2456 esse
718 2416 845 2456 fateor
872 2415 1029 2457 insolita
1056 2416 1132 2457 ista
1159 2414 1265 2470 apud
1291 2415 1491 2456 Tibullum
1518 2414 1760 2470 κακοφωνίᾳ.
1802 2416 2005 2470 Siquidem
2032 2416 2185 2457 Ennius
2213 2418 2391 2458 umbram
2420 2418 2532 2472 Poly-

292 2482 377 2521 dori
404 2480 501 2520 haee
530 2481 661 2519 (licere
690 2480 816 2519 iubet:

248 2594 251 2597 Δ
725 2539 1038 2596 ‘Adsum'atque
1068 2544 1234 2583 advenio
1260 2543 1485 2582 Acherunte
1513 2544 1594 2591 vix,
1623 2544 1689 2582 via
1714 2543 1792 2582 alta
1819 2550 1937 2596 atque
1965 2541 2099 2582 ardua'

290 2608 510 2660 argumenti
537 2607 731 2659 gravitate
759 2605 872 2645 facile
900 2613 1135 2657 excusatum
1176 2605 1337 2645 Tibullo
1379 2604 1564 2645 dedecori
1591 2612 1674 2645 erat
1699 2611 1810 2645 tanta
1836 2607 2151 2655 consonantium,
2192 2612 2300 2646 tanta
2327 2607 2531 2646 elisionum

290 2671 517 2712 cumulatio.
572 2670 651 2709 Sed
678 2660 831 2708 etiamsi
857 2669 955 2709 haec
983 2683 1046 2708 res
1073 2668 1231 2708 levioris
1259 2674 1362 2708 esset
1389 2669 1594 2718 momenti,
1634 2676 1766 2709 tamen
1793 2670 1987 2708 sententia
2012 2669 2098 2721 ipsa
2133 2669 2230 2709 adeo
2265 2676 2324 2708 est
2350 2671 2531 2709 intricata

289 2741 327 2773 et
355 2739 542 2782 contorta,
572 2739 614 2770 ut
641 2731 851 2770 difficulter
875 2732 1101 2770 inveniatur
1127 2730 1351 2784 explicatio.
1405 2730 1754 2782 Drenckhahnius,
1794 2736 2002 2785 postquam
2038 2731 2233 2785 copiosius
2266 2731 2368 2772 hunc
2405 2731 2530 2772 locum

288 2797 471 2836 tractavit
498 2802 538 2835 et
566 2796 813 2835 coniecturas
840 2808 975 2834 omnes
1003 2794 1258 2843 enumeravit,
1285 2795 1369 2846 ipse
1397 2793 1498 2832 hanc
1524 2794 1671 2847 profert
1698 2795 1982 2834 coniecturam:

867 2856 998 2910 Atque
1025 2856 1158 2909 aliqua
1184 2855 1341 2898 assidue
1368 2858 1518 2897 textrix
1545 2862 1704 2909 operata
1730 2857 1952 2896 Minervam

977 2919 1122 2960 Cantat
1149 2932 1257 2973 seqq.

477 2984 574 3023 Mihi
602 2984 761 3036 quidem
789 2983 999 3022 verisimile
1026 2997 1106 3023 non
1133 2983 1300 3034 videtur,
1329 2983 1551 3022 Minervam
1579 2997 1665 3023 esse
1692 2982 1845 3023 titulum
1865 2984 2049 3023 carminis
2075 2982 2126 3022 ab
2153 2981 2219 3021 illa
2247 2983 2413 3022 textrice
2440 2997 2529 3023 can-

291 3049 380 3098 tati3
408 3062 500 3086 nam
528 3047 749 3099 quicunque
778 3046 880 3085 hunc
907 3060 1066 3085 versum
1092 3046 1198 3098 legit,
1226 3047 1310 3099 ipso
1336 3046 1451 3086 metri
1478 3047 1556 3086 iam
1583 3053 1715 3086 tenore
1743 3048 1908 3098 cogitur,
1935 3052 1979 3086 ut
1997 3046 2219 3085 Minervam
2246 3059 2297 3084 ex
2324 3047 2528 3099 participio

290 3110 463 3164 pendere
492 3108 723 3160 subaudiat3
755 3109 887 3161 itaque
914 3114 958 3148 ut
984 3108 1316 3149 Drenckhahnius
1343 3109 1461 3148 talem
1490 3109 1694 3149 Minervae
1726 3123 1797 3163 pro
1823 3109 1995 3149 lanificio
2022 3109 2172 3162 positae
2201 3109 2479 3161 metonymiam
2505 3122 2528 3147 a

290 3172 448 3212 Tibullo
475 3185 637 3225 prorsus
663 3172 833 3211 alienam
860 3184 947 3210 esse
975 3171 1185 3211 contendat
1212 3171 1480 3212 difficultatem
1507 3172 1633 3225 ipsam
1659 3186 1739 3212 non
1763 3171 1879 3221 tollit,
1906 3185 1999 3211 nam
2026 3171 2241 3218 obiectum,
2269 3171 2373 3224 quod
2399 3171 2528 3223 requi·
