2758 3689
1224 130 1547 180 -5-

270 274 463 314 neminem
489 269 602 321 fugit.
655 268 996 319 Quemadmodum
1035 284 1132 310 vero
1158 271 1242 310 dux
1268 270 1409 310 milites
1444 284 1537 310 suos
1564 269 1711 309 flumen
1735 270 1926 319 traducit,
1966 270 2021 309 ita
2049 270 2224 310 Tibullus
2251 272 2390 310 eadem
2418 284 2509 310 con-

269 333 479 375 sn-uetioue
506 331 716 372 verborum
741 346 836 372 usus
863 337 987 385 optat,
1015 338 1058 372 ut
1081 339 1310 387 paupertas,
1351 326 1470 387 quam
1495 333 1637 373 ducem
1665 332 1866 386 sequatur,
1907 346 1949 372 se
1975 334 2157 373 traducat
2183 334 2305 373 vitam
2330 335 2507 374 inertem.

396 408 401 429 τ
452 393 497 445 1.,
526 396 560 445 1,
587 395 650 435 25.
703 394 851 434 Omnes
877 406 946 434 eas
972 395 1237 447 coniecturas,
1266 395 1406 450 quibus
1432 396 1497 436 hic
1523 395 1632 435 loeus
1658 395 1785 435 adhuc
1811 401 1984 435 vexatus
2012 402 2087 446 est,
2120 395 2327 449 dilig-enter
2352 409 2509 436 enume-

270 474 278 484 ·
305 460 329 497 “..
354 458 462 498 initio
487 457 589 498 illius
615 457 935 511 programmatis,
975 458 1083 511 quod
1107 463 1225 511 supra
1251 460 1385 508 citavi,
1425 458 1777 509 Drenckhahnius3
1805 458 1875 497 sed
1902 472 1967 507 ea,
2008 458 2050 497 in
2077 472 2154 511 qua
2186 459 2270 511 ipse
2297 460 2507 511 acquievit,

879 520 974 560 Jam
999 521 1158 561 modulo
1184 536 1344 574 possum
1370 527 1573 562 contentus
1599 521 1734 560 vivere
1760 535 1883 573 parvo

266 582 493 670 longissime
521 588 560 622 et
585 595 611 622 a
637 582 818 622 ecdicum
843 581 1011 624 lectione
1037 589 1078 623 et
1102 597 1128 623 a
1154 583 1300 624 Tibulli
1326 583 1510 625 abhorret
1535 582 1740 636 elegantia.
1793 583 2040 624 Praecedunt
2066 584 2169 623 enim
2197 583 2236 623 hi
2264 597 2422 622 versus:

856 645 975 699 Agna
999 647 1115 687 cadet
1140 647 1264 697 vobis,
1291 660 1410 700 quam
1436 647 1584 686 circum
1609 647 1757 685 rustica
1783 645 1907 699 pubes

1009 707 1196 750 Clamet‘
1198 710 1236 751 io
1262 723 1408 750 messes
1435 715 1474 749 et
1499 708 1605 748 bona
1631 709 1725 747 vina
1751 705 1851 748 date'

269 770 346 811 Sed
373 772 406 811 si
433 776 604 822 constat,
632 771 776 811 Tibulli
801 773 979 813 carmina
1003 778 1086 812 tam
1111 772 1219 813 molli
1243 772 1365 812 fluere
1391 785 1572 824 numero,
1601 778 1642 811 ut

1001 844 1006 848 '
1258 849 1330 889 per
1354 835 1440 875 leve
1468 849 1629 875 severos

1008 898 1198 938 Effundat
1222 900 1401 938 iunctura
1427 911 1589 950 ungues,

268 960 355 1013 quis
382 966 538 1013 poetam
565 960 616 1000 ab
642 973 746 1013 agna
771 959 940 1000 Laribus
972 960 1210 1001 immolanda
1236 961 1288 1001 ad
1314 960 1512 1001 modulum
1545 962 1662 1000 istum
1687 974 1855 1014 parvum
1880 961 2122 1001 transiluisse
2149 968 2275 1015 putet,
2304 975 2382 1016 quo
2409 976 2505 1002 nun-

267 1037 386 1076 quam
412 1023 640 1076 ceteroquin
666 1037 760 1062 usus
787 1023 874 1062 est‘?
906 1023 1075 1063 Accedit
1101 1024 1207 1077 quod
1232 1024 1455 1074 Dissenius,
1482 1024 1548 1063 cui
1574 1024 1672 1063 haec
1699 1025 1925 1063 coniectura
1951 1024 2150 1077 displicet,
2177 1031 2284 1064 recte
2311 1025 2508 1064 desiderat

265 1086 489 1137 genetivum
515 1086 642 1138 agri,
682 1085 782 1125 male
808 1086 873 1126 ille
901 1087 1057 1139 quidem
1081 1087 1271 1127 refutatus
1296 1101 1323 1126 a
1347 1086 1674 1137 Drenckhahnio,
1715 1087 1784 1140 qui
1809 1085 2004 1126 modulum
2036 1087 2145 1127 illum
2171 1088 2358 1127 attributo
2393 1088 2506 1140 agri

265 1147 529 1190 definiendum
554 1148 674 1189 fuisse
700 1149 962 1204 nequicquam
986 1155 1107 1204 negat
1131 1156 1172 1191 et
1195 1149 1352 1192 modulo
1378 1149 1443 1191 illo
1471 1163 1594 1204 parvo
1620 1149 1725 1190 idem
1758 1149 1969 1204 significari
1995 1150 2176 1205 opinatur
2201 1157 2320 1205 atque
2346 1164 2505 1205 parvo

265 1212 508 1253 substantive
534 1214 673 1267 posito.
726 1213 923 1265 Equidem
949 1226 1113 1253 servans
1139 1214 1320 1253 codicum
1346 1215 1373 1253 d
1404 1221 1442 1253 et
1468 1228 1491 1253 e
1521 1214 1769 1252 Lachmanni
1801 1214 2007 1253 lectionem
2033 1214 2184 1254 duobus
2216 1214 2395 1298 litterulis
2421 1229 2504 1253 mu-

264 1274 354 1313 tatis
382 1280 421 1313 et
446 1274 574 1315 deleta
599 1281 686 1329 post
712 1276 802 1315 date
830 1276 1143 1329 interpunctione
1170 1277 1227 1316 sie
1255 1276 1452 1316 Tibullum
1479 1276 1683 1328 scripsisse
1709 1276 1894 1315 coniicio.

850 1338 1074 1379 Dummodo
1101 1352 1205 1379 nunc
1232 1340 1379 1394 possim
1405 1344 1612 1379 contentus
1637 1338 1771 1378 vivere
1798 1351 1920 1392 parvo

265 1399 318 1437 ita
346 1400 515 1452 quidem,
542 1407 586 1440 ut
611 1401 714 1440 hunc
741 1414 900 1440 versum
926 1402 1144 1441 arctissime
1172 1403 1409 1455 coniungam
1435 1416 1526 1441 cum
1552 1402 1685 1440 verbis
1711 1401 2030 1440 antecedentibus

757 1463 874 1517 Agna
900 1464 1014 1503 cadet
1038 1464 1172 1514 vobis,
1202 1478 1319 1518 quam
1346 1465 1492 1504 circum
1518 1464 1666 1504 rustica
1692 1463 1816 1517 pubes

864 1527 1019 1568 Clamet
1040 1526 1093 1568 ‘io
1119 1542 1270 1568 messes
1297 1534 1336 1568 et
1362 1529 1465 1568 bona
1490 1529 1584 1567 vina
1610 1524 1722 1579 date',

757 1590 983 1631 Dummodo
1009 1605 1114 1632 nunc
1140 1593 1289 1645 possim
1315 1597 1521 1631 contentus
1548 1592 1683 1631 vivere
1709 1605 1833 1644 parvo

861 1653 946 1694 Nec
975 1667 1130 1708 semper
1154 1656 1297 1708 longae
1325 1655 1477 1694 deditus
1505 1667 1592 1693 esse
1619 1655 1721 1692 viae.

451 1716 625 1757 Tibullus
653 1717 778 1770 igitur,
807 1718 986 1771 quamvis
1012 1718 1065 1758 ad
1083 1724 1351 1772 paupertatem
1375 1718 1567 1767 redactus,
1594 1724 1737 1767 tamen,
1765 1731 1867 1770 quae
1895 1724 1955 1756 est
1980 1719 2064 1757 eius
2082 1719 2218 1773 pietas,
2246 1719 2346 1758 hanc
2372 1720 2499 1771 ipsam

263 1794 406 1832 agnam
424 1779 593 1820 Laribus
621 1781 763 1821 cadere
790 1782 908 1832 iubet,
934 1781 1144 1822 dummodo
1170 1796 1275 1821 nunc
1293 1781 1429 1821 saltem
1454 1795 1579 1835 parvo
1607 1787 1812 1821 contentus
1837 1781 1974 1823 vivere
2001 1788 2041 1821 et
2066 1780 2157 1821 belli
2177 1781 2375 1822 laboribus
2402 1781 2501 1821 liber

263 1855 349 1880 esse
376 1843 510 1895 possit.
577 1843 713 1882 Talem
747 1858 840 1884 vero
877 1843 1149 1883 condicionem
1175 1844 1375 1897 particulis
1407 1844 1535 1883 dum.
1556 1844 1619 1882 vel
1645 1844 1897 1883 dummodo
1930 1845 2149 1883 restrictam
2184 1851 2226 1883 ut
2252 1858 2368 1897 saepe
2395 1845 2500 1898 apud

264 1904 478 1955 Tibullum,
506 1907 563 1946 ita
588 1907 629 1946 in
656 1907 732 1948 hac
759 1907 884 1959 elegia
910 1907 971 1946 bis
997 1907 1218 1946 invenimus

758 1985 796 2009 v.
823 1971 861 2010 5.
915 1968 982 2008 Me
1008 1983 1097 2009 mea
1123 1976 1331 2023 paupertas
1358 1970 1478 2009 vitam
1503 1970 1684 2010 traducat
1710 1970 1884 2019 inertem,

943 2032 1050 2071 Dum
1076 2045 1186 2071 meus
1213 2033 1368 2072 assiduo
1393 2031 1523 2071 luceat
1547 2034 1640 2084 igne
1667 2032 1788 2072 focus.

756 2109 794 2133 v.
822 2095 886 2134 58.
914 2094 1004 2134 Non
1030 2108 1104 2148 ego
1130 2094 1281 2134 laudari
1307 2109 1415 2144 curo,
1443 2108 1536 2134 mea
1563 2095 1701 2133 Delia:
1727 2101 1858 2134 tecum

945 2157 1169 2200 Dummodo
1197 2159 1287 2209 sim,
1316 2171 1461 2212 quaeso
1490 2159 1620 2213 segnis
1647 2159 1829 2212 inersque
1856 2173 1987 2200 v.oeer

448 2221 491 2271 L,
523 2224 555 2273 1,
582 2222 634 2260 44
672 2236 764 2261 mss.
791 2222 964 2282 ineptam
996 2221 1145 2262 habent
1168 2221 1375 2261 lectionem
1408 2222 1623 2272 scilicet,
1660 2223 1763 2262 unde
1791 2222 2070 2262 Lachmannus
2104 2224 2276 2261 correxit
2316 2222 2499 2271 silicet·

264 2283 332 2321 sed
359 2286 566 2336 quominus
593 2286 665 2324 hac
693 2286 762 2324 otii
772 2280 944 2325 licentia
969 2292 1160 2335 uteretur,
1188 2286 1281 2338 quid
1306 2285 1494 2338 impedire
1520 2293 1675 2339 poterat
1701 2286 1926 2325 Tibullum?
1980 2286 2154 2338 Cogitari
2181 2286 2338 2337 quidem
2365 2293 2500 2338 posset

262 2345 310 2385 de
336 2345 531 2388 laboribus
557 2348 794 2400 agrestibus,
836 2348 978 2402 quibus
1005 2348 1191 2389 absolutis
1218 2349 1297 2388 otio
1333 2348 1409 2387 frui
1442 2347 1623 2402 lectoque
1656 2350 1903 2401 requiescere
1937 2356 2074 2402 poetae
2100 2347 2253 2398 liceret3
2294 2348 2363 2387 sed
2396 2348 2500 2387 hanc

261 2407 459 2449 licentiam
492 2424 545 2450 ex
584 2411 714 2464 aliqua
746 2412 974 2451 condicione
1014 2411 1248 2466 pependisse
1283 2425 1476 2464 nusquam
1510 2411 1761 2464 significavit,
1801 2413 1932 2465 itaque
1967 2425 2056 2450 eum
2088 2411 2140 2450 ad
2172 2410 2338 2449 liberum
2371 2411 2500 2463 potius

260 2472 380 2511 animi
407 2473 610 2513 arbitrium
636 2480 876 2527 spectantem
902 2476 1104 2528 scripsisse
1122 2474 1354 2513 crediderim
1375 2473 1438 2513 ‘Si
1462 2472 1606 2514 libet‘.
1650 2473 1713 2513 Ac
1740 2475 1773 2513 si
1792 2476 1879 2527 quis
1896 2475 2050 2524 dixerit,
2076 2473 2177 2513 falsa
2203 2487 2265 2511 me
2289 2473 2499 2512 verborum

261 2536 548 2576 constructione
574 2551 688 2576 usum
706 2551 811 2586 esse,
839 2536 1038 2577 Tibullum
1055 2543 1186 2577 autem
1202 2536 1277 2576 hoe
1295 2536 1481 2586 voluisse,
1508 2543 1552 2576 ut
1577 2538 1671 2576 satis
1690 2538 1763 2577 sibi
1781 2551 1867 2577 esse
1895 2537 2121 2586 contendat,
2150 2537 2182 2575 si
2207 2535 2323 2575 liceat
2348 2537 2499 2588 requie-

262 2611 370 2637 scere
398 2605 437 2638 et
462 2600 638 2640 membra
663 2600 813 2650 levare,
853 2601 909 2640 ita
935 2599 1110 2654 quidem,
1150 2606 1193 2639 ut
1217 2605 1380 2654 uterque
1405 2599 1620 2640 infinitivus
1647 2601 1816 2655 pendeat
1841 2615 1893 2640 cx
1919 2599 1987 2640 illa
2013 2599 2241 2640 condicione
2264 2596 2320 2637 ‘si
2346 2595 2499 2638 licet':

261 2661 443 2713 equidem
468 2662 563 2701 mihi
588 2663 822 2715 persuadere
849 2676 929 2702 non
955 2676 1132 2715 possum,
1159 2668 1333 2715 poetam,
1361 2676 1480 2715 quum
1505 2665 1621 2703 unius
1647 2677 1785 2702 versus
1811 2670 1941 2716 partes
1968 2663 2153 2701 chiastice
2181 2663 2281 2699 inter
2309 2675 2351 2700 se
2366 2675 2498 2714 ‘oppo-

261 2738 352 2763 nere
380 2725 513 2776 soleat,
540 2725 603 2765 hic
629 2731 711 2765 tam
737 2726 841 2766 mala
857 2741 972 2765 usum
997 2739 1084 2765 esse
1103 2726 1384 2779 concinnitate,
1408 2732 1452 2765 ut
1477 2727 1655 2779 requiem
1672 2726 1779 2766 illam
1806 2726 1927 2778 segeti
1954 2724 2257 2778 respondentem
2284 2738 2337 2764 ex
2365 2724 2498 2764 verbis

262 2789 459 2841 sequentis
484 2786 641 2828 dem'um
668 2803 805 2830 versus
827 2787 882 2829 ‘si
908 2786 1032 2830 licet’
1058 2788 1231 2844 pendere
1256 2788 1431 2829 voluerit.
1483 2789 1621 2843 Itaque
1648 2789 1781 2829 malim
1806 2788 1954 2842 legere:

814 2853 945 2893 Parva
971 2866 1087 2906 seges
1114 2853 1209 2892 satis
1236 2858 1313 2902 est3
1341 2852 1438 2891 satis
1462 2859 1522 2892 est
1547 2854 1793 2906 requiescere
1819 2852 1933 2902 lecto,

974 2915 1018 2955 Si
1042 2915 1148 2966 libet,
1175 2921 1214 2955 et
1239 2915 1349 2955 solito
1374 2915 1550 2956 membra
1575 2915 1706 2955 levare
1733 2922 1832 2956 toro.

445 2978 488 3029 1.,
519 2980 553 3029 1,
580 2978 643 3018 67.
697 2978 766 3017 Τιι
792 2978 958 3018 Manes
984 2991 1040 3018 ne
1066 2978 1206 3018 laede
1232 2991 1363 3018 meos
1389 2978 1422 3016 si
1455 2979 1611 3032 scripsit
1637 2978 1833 3030 Tibullus,
1872 2978 2013 3018 Deliae
2052 2978 2199 3018 luctum
2231 2977 2412 3032 opposuit
2445 2977 2498 3016 la·

261 3038 392 3078 crimis
418 3040 607 3080 iuvenum
631 3047 670 3081 et
700 3041 913 3093 virginum3
954 3041 1026 3081 sed
1064 3054 1192 3081 nonne
1227 3041 1371 3080 rectius
1401 3040 1513 3080 initio
1544 3041 1659 3083 huius
1693 3054 1831 3080 versus
1864 3041 1916 3081 ad
1948 3047 2101 3094 tempus
2137 3040 2359 3093 sepulturae
2395 3039 2497 3078 illius

261 3103 556 3142 commenticias
582 3104 778 3157 respicere
805 3103 1001 3143 debebat?
1053 3102 1254 3143 Facillime
1289 3116 1385 3142 vero
1418 3110 1509 3143 ante
1543 3109 1771 3157 sequentem
1805 3102 1974 3143 litteram
2000 3103 2044 3142 M
2070 3104 2209 3143 eadem
2236 3103 2366 3142 littera
2392 3102 2495 3141 exci-

261 3163 353 3203 dere
380 3170 551 3216 poterat3
576 3166 709 3220 itaque
736 3167 925 3207 coniicio:
952 3166 1069 3206 Tum
1094 3165 1260 3206 Manes
1287 3181 1345 3207 ne
1372 3165 1511 3207 laede
1538 3181 1683 3218 meos3
1717 3173 1800 3206 tum
1826 3166 1994 3218 scilieet,
2035 3180 2155 3220 quum
2182 3179 2364 3220 suprema
2390 3164 2494 3211 mihi,

2247 3242 2266 3271 2
