2758 3689
1163 162 1489 213 -7-

201 309 284 350 vita
307 304 418 358 vulgi
439 307 598 359 poetam
623 303 731 360 loqui
755 308 884 359 pututt,
923 317 1015 344 nam
1041 303 1196 345 etiamsi
1226 303 1281 345 ad
1312 304 1434 345 vitam
1458 302 1647 344 rusticam
1680 300 1858 343 Tibullus
1890 301 2130 344 descendere
2156 303 2270 355 solet,
2307 310 2444 345 tamn

203 382 401 425 nunquam
426 366 609 423 delapsus
635 374 696 408 est
720 368 763 407 in
788 367 912 407 vitam
936 366 1058 421 vulgi.
1110 366 1250 422 Itaque
1275 367 1371 407 nihil
1395 372 1545 407 restare
1569 366 1734 417 videtur,
1761 378 1880 420 quam
1903 372 1948 406 ut
1972 367 2015 406 in
2038 366 2193 407 Heinsii
2218 368 2443 409 coniectura

201 432 358 474 dulcis
385 431 698 484 acquiescamus,
726 444 805 483 qua
831 431 958 470 omnis
975 429 1092 470 huius
1115 429 1194 470 loci
1218 430 1432 484 expeditur
1450 428 1674 468 difficultas.
1715 428 1923 469 Heinsium
1941 430 1976 469 si
2002 430 2219 482 sequimur,
2245 444 2349 470 nunc
2374 431 2441 472 de·

201 508 308 537 mum
333 492 522 534 habemus
546 492 766 548 praedicati
797 494 1009 534 notionem
1019 493 1216 546 integram
1238 489 1345 533 ‘timo
1370 491 1467 533 mihi
1490 492 1575 532 vita
1599 491 1702 532 foret
1726 488 1873 544 dulcis',
1900 497 1941 532 et
1966 499 2099 546 partes
2117 507 2266 544 versus,
2293 494 2327 533 si
2346 495 2440 547 quid

199 559 242 598 in
267 556 426 596 auribus
452 562 512 597 est
535 555 689 606 iudicii,
731 556 876 610 optime
901 556 953 596 ad
978 555 1193 597 sementiae
1226 555 1336 596 mla
1360 560 1613 605 revocantur,
1653 566 1772 608 quum
1798 567 1964 596 caesura
1995 568 2078 623 non
2112 554 2239 596 solum
2272 568 2438 607 versum,

201 619 272 659 sed
298 620 415 659 etiam
442 618 656 659 sententias
682 619 785 658 inter
810 632 853 658 se
878 618 1095 672 disiungat·

747 681 860 721 Tunc
885 681 982 722 mihi
1007 682 1092 722 vita
1115 682 1217 722 foret
1241 679 1368 721 dulcis
1388 682 1395 734 Ι
1419 694 1496 721 nee
1525 681 1654 720 tristia
1683 694 1839 720 nossem

888 744 1014 785 Ama
1036 744 1044 796 Ι
1064 757 1141 785 nee
1166 743 1364 790 audissem
1388 742 1508 785 corde
1533 743 1704 783 micante
1730 743 1875 785 tubam.

385 828 430 880 1.,
460 829 526 880 10,
566 829 630 870 25.
657 828 721 869 26.
774 828 982 884 Copiosius
1016 829 1066 871 de
1104 828 1180 870 hoc
1214 813 1379 869 dis'ticho
1417 840 1543 882 nuper
1581 827 1878 882 disputaverunt
1914 828 2186 871 Kindscherus
2226 830 2268 870 in
2300 829 2439 871 Museo

200 893 389 934 Rhenano
419 892 519 932 1862
544 906 583 946 p.
613 892 688 932 149
715 906 823 946 seqq.
851 906 1018 947 eumque
1042 899 1199 933 secutus
1216 891 1389 932 Kornius
1415 890 1470 932 M.
1495 891 1567 931 Rh.
1592 891 1693 931 1865
1719 906 1758 945 p.
1787 892 1860 932 167
1888 906 1996 947 seqq.
2030 893 2142 933 Inter
2165 893 2439 934 hexametrum
2469 894 2476 906 '

691 955 748 995 At
772 955 886 996 nobis
912 961 1063 1007 aerata,
1089 953 1236 1007 Lares,
1263 955 1442 1009 depellite
1467 953 1564 1006 tela,
1592 960 1631 994 et
1656 961 1939 1008 pentametrum

851 1018 1072 1077 Hostiaque
1099 1033 1121 1060 e
1147 1017 1265 1073 plena
1290 1019 1437 1060 rustica
1462 1032 1605 1072 porcus
1631 1018 1729 1058 hara

198 1082 378 1122 lacunam
403 1088 565 1135 uterque
593 1083 743 1135 statuit3
782 1080 881 1123 alter
905 1082 1125 1123 Pontanum
1155 1083 1328 1122 imitatus
1361 1096 1447 1122 eam
1480 1082 1678 1132 versibus,
1719 1094 1819 1135 quos
1844 1082 1929 1135 ipse
1955 1082 2066 1132 fecit,
2107 1083 2299 1137 explevit3
2339 1084 2439 1125 alter

197 1143 371 1185 adhibita
396 1144 510 1184 simili
542 1151 633 1198 post
656 1158 815 1185 versum
841 1145 1207 1199 quinquagesimum
1231 1143 1373 1185 lacuna
1398 1158 1537 1184 ansam
1563 1144 1653 1184 inde
1671 1143 1910 1198 deprompsit
1933 1145 2137 1199 archetypi
2162 1147 2285 1200 ipsius
2303 1146 2437 1188 Tibul-

197 1207 303 1256 liani,
331 1206 457 1259 qualis
484 1206 617 1257 fuerit,
657 1207 906 1248 describendi
932 1214 971 1247 et
997 1207 1175 1248 versibus
1207 1207 1261 1247 ad
1300 1207 1472 1259 singulas
1497 1208 1664 1260 paginas
1693 1207 1889 1246 revocatis
1913 1207 2188 1260 distinguendi.
2238 1208 2436 1263 Equidem

197 1269 262 1309 illo
287 1268 376 1309 loco
402 1269 583 1309 lacunam
609 1270 849 1310 intercedere
875 1283 957 1310 non
981 1269 1168 1322 intelligo.
1220 1269 1310 1310 Hoc
1337 1269 1496 1323 quidem
1523 1268 1771 1309 Kindschero
1798 1269 1990 1320 concedo,
2023 1284 2162 1310 versus
2195 1285 2315 1326 supra
2341 1272 2436 1313 cita·

196 1339 257 1372 tos
283 1345 364 1371 non
388 1332 443 1372 ita
470 1328 750 1372 construendos
776 1345 874 1383 esse,
900 1339 944 1373 ut
969 1339 1008 1372 et
1032 1332 1156 1373 Lares
1182 1339 1222 1373 et
1246 1345 1388 1387 porcus
1414 1346 1439 1372 a
1463 1337 1583 1386 poeta
1608 1332 1857 1382 invocentur,
1888 1333 2002 1385 quasi
2026 1347 2172 1387 porcus
2198 1347 2285 1374 esse
2309 1336 2436 1388 possit

197 1394 419 1445 vocativus,
463 1394 533 1434 sed
559 1395 592 1433 si
617 1394 754 1434 Puccii
779 1396 998 1436 emendatio
1037 1395 1199 1436 hostia
1238 1396 1333 1435 erit
1369 1402 1528 1449 propter
1553 1394 1792 1434 elisionem·
1779 1408 1822 1433 ιιι
1848 1394 1946 1434 thesi
1971 1396 2100 1435 minus
2125 1396 2272 1450 placet,
2312 1399 2433 1439 scribi

198 1463 324 1510 potest
347 1456 425 1497 levi
452 1457 557 1498 facta
581 1456 798 1499 litterarum
823 1459 1056 1499 mutatione·
1082 1458 1243 1499 hostia
1269 1458 1332 1498 sit
1356 1457 1497 1513 plena
1521 1457 1708 1497 rustica
1733 1471 1910 1511 porcus
1935 1457 2042 1498 hara.
2082 1458 2273 1512 Tibullus,
2299 1468 2344 1501 ut
2369 1463 2431 1502 fas

198 1527 266 1571 est,
293 1520 479 1571 Laribus,
507 1522 541 1561 si
567 1535 609 1561 se
635 1528 834 1573 tueantur,
860 1536 1024 1575 porcum
1049 1521 1251 1576 pollicetur
1276 1528 1320 1562 ut
1344 1521 1516 1563 debitam
1541 1534 1612 1575 pro
1640 1520 1766 1560 salute
1794 1533 1867 1560 sua
1892 1520 2068 1562 hostiam.
2122 1522 2434 1565 Terminativum

197 1583 337 1624 vobis
363 1598 488 1637 aeque
514 1583 771 1639 supplendum
798 1591 857 1626 est
882 1591 1000 1639 atque
1025 1584 1070 1638 1.,
1100 1586 1133 1637 1,
1161 1585 1214 1626 34
1239 1591 1278 1625 et
1302 1584 1432 1625 multis
1459 1582 1546 1624 aliis
1571 1583 1688 1635 locis3
1716 1583 1785 1623 sed
1810 1589 1855 1623 ut
1878 1582 1976 1624 haec
2002 1599 2169 1638 quoque,
2197 1587 2231 1625 si
2257 1601 2336 1639 qua
2360 1595 2431 1640 est,

197 1646 406 1686 difficultas
431 1646 605 1697 tollatur,
645 1647 720 1686 hoc
747 1649 1036 1701 proposuerim.
1075 1648 1290 1702 Postque
1329 1647 1469 1687 cadet
1506 1645 1652 1701 plena
1683 1646 1870 1686 rustica
1894 1659 2070 1699 porcus
2095 1647 2226 1689 hara.
2278 1649 2433 1691 Eodem

196 1715 368 1748 ceterum
407 1723 545 1749 versus
579 1710 688 1749 initio
715 1710 927 1763 Postque
966 1717 1083 1764 poeta
1121 1712 1163 1750 in
1200 1711 1280 1750 fine
1319 1711 1465 1763 elegiae
1491 1710 1642 1762 primae
1667 1709 1757 1748 libri
1783 1708 1946 1748 secundi
1983 1723 2078 1749 usus
2103 1716 2180 1750 est:
2219 1711 2432 1767 Postque

196 1771 332 1810 venit
355 1768 508 1812 tacito
549 1786 657 1826 seqq.
717 1772 807 1813 Hoc
841 1773 999 1826 quidem
1031 1764 1284 1824 crediderim,
1325 1773 1376 1813 ad
1406 1772 1570 1813 lacunas
1601 1772 1644 1812 in
1677 1770 1822 1811 Tibulli
1855 1771 2093 1855 eur-minibus
2125 1775 2319 1815 notandas
2347 1783 2431 1816 tum

196 1833 352 1872 demum
378 1835 656 1874 recurrendum
682 1849 779 1886 esse,
808 1836 842 1875 si
868 1835 946 1876 alia
972 1835 1213 1889 corruptelae
1239 1836 1400 1889 reperiri
1424 1849 1506 1875 non
1531 1835 1701 1888 potuerit
1727 1833 1892 1874 medela.

382 1932 421 1958 v.
447 1918 501 1957 50
526 1919 701 1959 eiusdem
726 1920 912 1960 carminis
938 1919 1051 1961 aliter
1075 1933 1139 1960 res
1173 1934 1258 1961 sese
1292 1920 1417 1960 habet.
1469 1915 1590 1968 Quod
1615 1917 1889 1959 Kindscherus
1922 1925 1961 1959 et
1985 1919 2159 1960 Kornius
2184 1921 2249 1961 hic
2275 1936 2431 1975 quoque

196 1981 237 2019 in
264 1980 446 2019 lacunam
472 1981 704 2032 inciderunt,
732 1982 847 2036 culpa
874 1988 934 2022 est
959 1982 1134 2037 Hauptii,
1163 1983 1230 2036 qui
1255 1981 1357 2022 male
1382 1982 1430 2021 iis
1457 1982 1587 2022 facem
1613 1980 1806 2035 praetulit.
1859 1980 2017 2036 Optime
2043 1996 2138 2023 vero
2165 1982 2226 2023 his
2253 1984 2431 2024 versibus

196 2042 410 2082 medicas
436 2043 733 2097 applicuisse
758 2060 924 2086 manus
942 2045 1275 2086 Drenckhahnius
1301 2045 1394 2085 mihi
1418 2044 1576 2084 videtur
1601 2058 1639 2097 p.
1658 2044 1683 2082 6
1709 2043 1812 2083 illius
1838 2046 2156 2098 programmatis,
2183 2045 2289 2099 quod
2311 2060 2430 2100 supra

196 2105 326 2145 citavi.
378 2105 456 2145 Hic
482 2113 691 2160 postquam
708 2108 900 2149 Haasium
925 2108 1128 2158 refutavit,
1155 2109 1223 2161 qui
1247 2108 1361 2148 huius
1386 2106 1536 2159 elegiae
1562 2121 1698 2146 versus
1724 2106 1817 2146 inde
1843 2121 1869 2146 a
1895 2108 2218 2160 quinquagesimo
2246 2109 2299 2158 ei,
2327 2123 2430 2161 quae

196 2169 380 2222 sequitur,
407 2170 554 2223 elegiae
580 2170 727 2211 addere
752 2170 941 2222 voluerat,
969 2169 1162 2218 distichon
1187 2169 1294 2221 illud,
1321 2183 1397 2224 quo
1425 2183 1561 2210 omnes
1588 2168 1717 2210 adhuc
1743 2168 1820 2209 viri
1845 2169 1952 2210 docti
1977 2170 2111 2211 vexati
2139 2176 2267 2211 erant:

809 2234 992 2274 Rusticus
1018 2248 1041 2275 e
1067 2234 1233 2292 lucoque
1258 2233 1381 2285 vehit,
1407 2232 1511 2273 male
1538 2233 1692 2273 sobrius
1717 2233 1814 2286 ipse,

925 2296 1103 2338 Uxorem
1128 2296 1299 2351 plaustro
1325 2296 1629 2350 progeniemque
1657 2295 1817 2335 domum

195 2367 238 2400 ut
264 2361 438 2414 spurium
464 2367 503 2400 et
528 2360 579 2400 ab
604 2360 734 2414 aliquo
760 2359 918 2401 librario
945 2361 1183 2415 adscriptum
1208 2373 1231 2400 e
1255 2365 1368 2399 textu
1392 2359 1523 2411 eiecit,
1565 2372 1644 2412 qua
1678 2357 1903 2399 felicissima
1933 2359 2199 2399 emendatione
2225 2358 2327 2399 hanc
2353 2360 2429 2401 ele·

194 2425 299 2476 giam
325 2424 366 2463 in
390 2424 596 2478 pristinum
622 2425 788 2464 nitorem
812 2424 991 2464 restituit.
1035 2423 1151 2466 Nunc
1177 2423 1335 2463 demum
1359 2428 1476 2476 poeta
1497 2422 1674 2462 tristibus
1700 2421 1834 2461 militis
1859 2422 1979 2461 armis
2006 2421 2255 2461 festivissimo
2281 2423 2429 2474 ingemi

195 2486 282 2527 lusu
306 2485 468 2540 opponit
485 2485 585 2527 bella
611 2487 818 2537 amatoria,
845 2500 947 2540 quae
965 2486 1173 2541 oppositio,
1199 2492 1242 2526 ut
1259 2483 1587 2525 Drenckhahnius
1607 2490 1713 2525 recte
1733 2483 1902 2535 monuit,
1928 2484 2068 2525 iterum
2086 2483 2293 2525 adhibetur
2318 2499 2358 2526 v.
2377 2484 2430 2526 65

1122 2554 1353 2603 scutumque
1380 2547 1594 2602 sudemque

886 2612 927 2652 Is
952 2618 1063 2665 gerat
1088 2618 1127 2652 et
1151 2612 1236 2651 miti
1262 2612 1313 2651 sit
1337 2608 1472 2665 procul
1497 2624 1523 2650 a
1549 2610 1713 2650 Venere.

194 2673 393 2724 Fortasse,
420 2687 470 2714 ne
496 2673 641 2727 duplex
668 2675 738 2714 fiat
764 2675 975 2729 oppositio,
1001 2679 1118 2729 poeta
1143 2673 1219 2714 hoc
1245 2674 1362 2714 modo
1389 2673 1562 2727 scripsit:

138 2738 140 2741 ’
790 2738 896 2779 Pace
921 2736 1061 2778 bidens
1086 2749 1300 2790 vomerque
1325 2736 1471 2789 vigent,
1495 2740 1536 2775 et
1559 2735 1687 2775 tristia
1712 2735 1800 2775 duri

933 2799 1073 2840 Militis
1095 2799 1139 2840 in
1162 2798 1336 2839 tenebris
1362 2803 1529 2850 occupat
1554 2811 1666 2837 arma
1693 2799 1807 2837 situs:

790 2861 871 2903 Sed
895 2861 1065 2903 Veneris
1088 2867 1183 2902 tunc
1208 2859 1311 2901 bella
1336 2859 1465 2900 calent
1491 2873 1601 2914 seqq.

377 2946 442 2996 IL,
473 2948 507 2985 1.
561 2945 675 2986 Haec
701 2945 826 2998 elegia
853 2952 1026 2986 ceterum
1051 2946 1204 2997 integra
1229 2958 1350 2983 unum
1376 2944 1548 2984 continet
1573 2944 1767 2984 distichon
1793 2949 2035 2999 penssmetro
2061 2945 2239 2986 mutilum
2266 2959 2305 2986 v.
2332 2947 2383 2985 57

788 3007 895 3048 Huic
920 3008 1037 3049 datus
1059 3021 1085 3048 a
1108 3005 1243 3061 pleno,
1269 3006 1520 3047 memorabile
1546 3018 1705 3059 munus,
1733 3006 1829 3048 ovili

932 3070 1060 3111 *Dux
1085 3070 1238 3124 pecoris
1266 3097 1470 3109 ......

193 3130 439 3180 Praecedunt
464 3134 718 3174 distichorum
744 3134 857 3188 paria
882 3132 1164 3174 vocabulorum
1189 3137 1383 3172 certorum
1408 3132 1698 3185 repititionibus
1723 3131 1943 3185 significata
1968 3138 2011 3172 ut
2036 3147 2080 3173 v..
2093 3133 2145 3173 39
2170 3133 2246 3173 illi
2263 3158 2314 3164 -
2338 3132 2433 3186 illi,

193 3193 244 3233 43
269 3199 381 3234 tunc
406 3216 459 3227 —
485 3203 616 3248 tunc,
641 3197 691 3236 47
718 3211 831 3237 rura
857 3221 908 3228 ——
933 3209 1061 3246 rure,
1086 3195 1137 3237 51
1164 3193 1401 3250 agricola,
1426 3195 1561 3235 eui55
1586 3194 1742 3236 demum
1767 3195 1979 3249 respondet
2003 3195 2241 3248 agricola3
2265 3202 2347 3235 uun
2372 3196 2426 3237 61

2502 3591 2758 3689 ..w
