2758 3689
1133 149 1495 195 —11.„.

194 289 324 333 builus
352 301 394 330 se
421 287 589 329 versari
597 285 701 329 dixit
730 288 869 330 l-12
902 286 1011 332 inani
1037 281 1243 328 Musarum
1283 286 1433 329 auxilio
1478 289 1584 330 13-
1592 286 1645 328 20
1678 287 1850 341 opponit.
1905 287 1955 329 Ιιι
1981 302 2028 328 eo
2055 294 2219 342 uterque
2244 291 2431 332 nimirum

194 353 406 400 consentit,
425 352 533 404 quod
557 357 601 390 et
614 361 736 389 versu
758 351 961 390 vicesimo
971 355 1015 389 et
1032 362 1151 388 versu
1176 351 1502 404 quinquagesimo
1530 349 1658 388 maius
1686 349 1845 404 aliquod
1864 350 2122 390 distichorum
2149 365 2292 407 corpus
2318 367 2430 410 sepa-

192 422 314 457 ratur.
368 413 501 464 Quum
527 426 622 453 vero
649 418 776 452 totum
802 426 962 460 carmen
1001 413 1054 453 30
1078 412 1257 453 distichis
1284 419 1453 462 constet,
1488 413 1587 452 haec
1613 413 1789 452 nascitur
1815 414 1994 466 partitio,
2032 415 2099 453 cui
2125 415 2197 454 vix
2221 417 2442 469 qnisquam·

193 476 448 531 repugnabit:
476 475 627 525 1-20,
654 474 834 526 21-ὃο,
860 474 1060 515 51460»
1096 474 1301 516 Habemus
1327 476 1446 529 igitur
1474 475 1523 514 10
1550 479 1601 523 -Ι-
1630 475 1680 515 15
1706 479 1753 521 ÷
1773 475 1799 515 5
1825 473 2008 516 disticha.
2049 475 2136 516 Iam
2163 491 2259 518 vero
2279 477 2428 520 Haasio

191 540 260 593 qui
287 539 485 579 distichon
510 544 668 578 sextum
695 536 752 590 (V.
782 538 844 587 11,
872 537 940 591 12)
967 538 1020 578 ad
1044 538 1178 591 priora
1203 545 1376 590 revocat,
1404 538 1664 592 opposuerim‚
1693 537 1764 576 hos
1791 552 1941 588 versus,
1968 540 2152 592 quamvis
2177 539 2352 580 nondum
2377 541 2427 582 ad

193 603 368 643 carmina
394 609 439 642 ut
465 600 541 641 sibi
566 598 720 640 inutilia
747 599 981 641 devovenda
1006 601 1205 642 transierit
1229 607 1363 654 poeta,
1403 608 1536 641 tamen
1563 602 1710 640 arctius
1745 600 1956 641 cohaerere
1996 617 2089 642 cum
2121 604 2427 657 insequentibus,

192 672 231 704 et
256 665 465 705 transitum
491 664 620 718 ipsum
647 677 672 704 a
699 662 868 702 disticho
896 669 1009 704 sexto
1036 676 1160 717 usque
1187 664 1240 718 ad
1266 677 1324 715 ea,
1351 678 1453 719 quae
1472 669 1697 718 sequuntur,
1723 662 1844 703 multo
1862 663 1992 704 minus
2019 664 2187 705 arduum
2205 680 2291 706 esse
2309 680 2429 720 quam

190 727 282 767 inde
310 742 334 767 a
352 724 496 781 quinto
524 725 577 766 ad
605 732 771 765 sextum.
824 723 1026 765 Particula
1053 726 1157 766 enim
1182 733 1309 767 nunc
1342 726 1519 768 adhibita
1545 724 1727 766 Tibullus
1753 729 1855 777 rem,
1883 725 2011 781 qualis
2038 733 2115 778 est,
2143 729 2429 789 commenticiis

192 790 354 844 opponit
380 780 670 829 conditionibus
697 802 816 842 seque
843 794 883 828 et
907 787 1026 828 finem
1052 778 1272 830 hariolandi
1299 790 1496 830 facturum
1535 794 1575 829 et
1600 788 1653 828 ad
1679 793 1762 828 rem
1795 789 2036 844 propositam
2062 782 2322 832 transiturum
2344 791 2427 847 pol-

190 852 341 892 licetur.
395 851 535 905 Atque
552 865 653 905 quae
680 850 798 890 modo
825 849 919 890 sibi·
928 851 1060 905 finx'it,
1086 852 1235 915 inania
1261 866 1346 891 esse
1375 852 1484 906 quod
1509 850 1719 901 intellexit,
1761 852 1813 890 ad
1839 852 2006 901 tristem',
2046 852 2090 891 in
2122 867 2202 906 qua
2234 859 2427 904 versatur,

191 914 455 954 conditionem
483 927 568 954 sese
593 918 774 962 revocat;
800 913 932 968 itaque
958 914 1103 974 rectius
1120 911 1209 954 iam
1234 912 1324 970 post
1348 913 1527 988 quintum
1556 912 1753 953 distichon
1778 928 1924 953 novam
1950 928 2137 954 versuum
2165 915 2306 956 seriem
2332 916 2427 957 inci-
2441 908 2443 910 ¹

190 976 375 1030 piendam
404 991 490 1015 esse
518 973 724 1015 contendo.
764 976 853 1015 Hoc
881 976 915 1014 si
941 968 1080 1015 verum
1107 983 1176 1026 est,
1203 976 1329 1030 prima
1346 974 1533 1017 carminis
1558 990 1651 1030 pars
1678 976 1814 1015 decem
1842 976 2012 1016 disticha
2038 977 2304 1032 complectens
2331 978 2427 1019 duo-

189 1039 264 1078 bus
290 1039 499 1091 quinorum
526 1038 782 1079 distichorum
809 1039 1038 1091 corporibus
1065 1045 1231 1079 constat.
1278 1039 1394 1090 Quod
1421 1041 1456 1079 si
1473 1039 1638 1079 exordio
1666 1045 1706 1077 et
1732 1039 1856 1077 exitui
1882 1039 2004 1091 quina
2031 1039 2199 1079 disticha
2215 1039 2427 1081 tribuenda

191 1107 291 1151 sunt,
318 1114 423 1140 nunc
441 1101 637 1163 quomodo
655 1102 798 1155 viginti
816 1100 885 1141 illa
903 1099 1109 1141 disticha
1096 1115 1139 1141 ιιι
1164 1090 1295 1142 medio
1321 1101 1449 1156 posita
1473 1101 1577 1142 inter
1600 1115 1642 1141 se
1661 1098 1923 1155 disiungenda
1949 1101 2039 1155 sint,
2065 1103 2336 1156 quaerendum
2352 1111 2425 1145 est.

376 1175 467 1224 Qua
493 1189 587 1214 vero
605 1188 663 1214 ea
689 1189 791 1228 quae
815 1180 1025 1228 supersunt
1050 1172 1219 1214 disticha
1240 1174 1332 1223 inde
1358 1175 1410 1215 ab
1435 1174 1644 1214 undecimo
1671 1187 1797 1228 usque
1824 1173 1877 1213 ad
1902 1175 2132 1215 vicesimum
2158 1176 2340 1230 quintum
2364 1192 2426 1218 ra-

189 1237 295 1276 tione
321 1236 536 1277 dividenda
563 1238 657 1286 sint,
699 1252 776 1278 non
800 1239 858 1277 ita
884 1237 999 1277 facile
1025 1237 1183 1276 videtur
1205 1232 1262 1276 ad
1287 1230 1593 1296 intelligendum.
1645 1236 1750 1276 Nam
1779 1237 1947 1290 primum
1981 1237 2141 1291 quidem
2167 1252 2239 1278 sex
2271 1239 2344 1279 illa
2368 1240 2426 1280 di·

188 1298 315 1338 sticha
341 1299 452 1339 20-
459 1299 510 1340 26
536 1300 592 1339 ita
617 1300 801 1340 nimirum
827 1299 929 1340 inter
955 1314 997 1340 se
1025 1295 1254 1351 cohaerent,
1294 1305 1337 1339 ut
1362 1314 1508 1340 avarae
1534 1291 1688 1353 puellae
1715 1299 1975 1339 exsecrationi
2001 1300 2095 1350 tn'a,
2129 1300 2257 1341 bonae
2290 1308 2424 1342 autem

188 1361 304 1400 laude
332 1361 562 1401 afficiendae
587 1376 661 1416 par
688 1363 944 1416 distichorum
971 1358 1155 1402 numerus
1181 1359 1410 1402 tribuendus
1438 1363 1500 1402 sit.
1568 1360 1706 1416 Neque
1739 1358 1854 1401 aliter
1886 1361 2017 1416 priora
2046 1363 2146 1403 11—
2160 1362 2213 1405 20
2245 1365 2423 1420 separari

188 1425 288 1465 inter
315 1439 356 1465 se
383 1432 564 1478 possunt,
592 1426 687 1479 quin
714 1425 891 1482 distichis
922 1418 1513 1479 11-14‚14-17‚17'—-20
1551 1427 1705 1464 minora
1735 1425 1929 1478 quaedam
1965 1440 2149 1465 versuum
2176 1441 2344 1481 corpora
2370 1429 2422 1469 ad

188 1487 291 1528 idem
319 1488 527 1528 artificium
555 1488 798 1529 conformata
824 1503 848 1528 a
874 1495 990 1543 poeta
1016 1489 1119 1529 inter
1145 1503 1187 1529 se
1214 1489 1358 1550 opponi
1382 1488 1590 1530 videantur
1608 1487 1792 1528 adhibitis
1808 1486 1876 1528 illa
1902 1488 2063 1545 quidem
2082 1490 2280 1543 particulis
2308 1498 2358 1532 at
2383 1499 2423 1532 et

188 1551 270 1590 sed
303 1550 507 1591 illustrata.
562 1552 681 1601 Quod
708 1553 741 1590 si
774 1566 798 1591 a
825 1551 974 1591 'libulli
999 1552 1160 1593 consilio
1187 1552 1493 1604 nonabhorret,
1521 1551 1597 1591 hoc
1624 1552 1800 1591 nascitur
1826 1549 2081 1591 distichorum
2096 1552 2356 1607 paradigma:

765 1609 1834 1684 5÷((52.:¹”..:⁹’÷343·¹·3ss3))†5

186 1698 265 1738 Sed
292 1712 339 1738 eo
366 1698 461 1738 mihi
487 1699 818 1753 progrediendum
845 1701 919 1740 erit
944 1700 1147 1749 audaciae,
1173 1705 1218 1740 ut
1244 1699 1411 1740 disticha
1438 1698 1517 1741 duo
1546 1699 1581 1738 7.
1601 1699 1626 1737 9
1652 1713 1675 1738 e
1700 1704 1814 1738 textu
1841 1698 2009 1739 eiiciam.
2056 1701 2118 1739 Ac
2143 1701 2312 1753 primum
2337 1704 2421 1756 qui-

187 1761 275 1800 dem
304 1762 342 1801 d.
370 1762 391 1801 7
420 1766 473 1802 eo*
494 1762 657 1802 consilio
683 1762 734 1802 ab
757 1763 893 1817 aliquo
920 1762 1020 1803 Italo
1047 1762 1279 1803 lacunarum
1303 1762 1584 1815 investigatam
1610 1761 1888 1815 interpolatum
1914 1775 2000 1801 esse
2027 1761 2124 1802 mihi
2148 1766 2421 1817 persuaserim,

186 1830 229 1863 ut
255 1839 279 1864 a
306 1826 451 1865 misera
484 1832 623 1879 poetae
660 1827 891 1866 condicione
923 1833 1041 1867 antea
1067 1826 1249 1880 exposita
1281 1825 1523 1866 commodior
1556 1825 1731 1865 eveniret
1765 1825 1954 1865 transitus
1986 1824 2040 1865 ad
2073 1839 2231 1866 versum
2251 1828 2332 1881 -qui
2363 1829 2420 1868 in-

186 1888 280 1940 cipit
303 1886 377 1927 ‘Ite
404 1889 541 1941 procul
568 1887 728 1929 Musae'.
783 1889 863 1929 Sed
889 1891 969 1930 iam
994 1891 1071 1929 ista
1098 1889 1298 1941 elegorum
1325 1895 1362 1928 et
1386 1888 1584 1942 Apollinis
1617 1889 1835 1927 carminum
1868 1890 2040 1927 auctoris
2073 1911 2124 1918 -
2149 1903 2423 1942 quorumnam,

183 1964 330 2002 quaeso
359 1974 409 1980 —
436 1951 537 1990 male
566 1952 758 1991 concinna
786 1954 978 2006 oppositio
1006 1951 1187 2002 offendit3
1226 1957 1309 1991 tum
1335 1965 1431 1991 vero
1456 1951 1691 2004 pentametri
1724 1950 1917 1989 sententia
1949 1964 1973 1988 a
2001 1950 2148 1990 Tibulli
2181 1953 2420 1992 verecundia

185 2013 240 2051 ιιι
269 2012 465 2063 abhorret,
492 2020 535 2053 ut
560 2014 721 2054 tolerari
746 2029 826 2055 non
852 2016 988 2068 possit.
1044 2014 1128 2054 Nec
1155 2015 1283 2054 minus
1308 2014 1349 2054 in
1375 2012 1661 2055 dubitationem
1687 2012 1911 2053 vocandum
1938 2019 1998 2052 est
2024 2013 2064 2053 d.-
2081 2014 2106 2052 9
2132 2014 2240 2068 quod
2266 2016 2299 2054 si
2327 2017 2420 2055 scri-

182 2076 326 2128 psisset
353 2075 560 2128 Tibullus,
572 2092 598 2117 a
622 2079 823 2132 proposito
851 2078 1039 2119 abemus
1067 2092 1092 2119 a
1117 2077 1241 2119 Musis
1267 2077 1320 2118 ad
1346 2076 1450 2130 bella
1474 2076 1672 2126 canenda,
1701 2077 1803 2116 sicut
1828 2089 1998 2129 aequum
2024 2083 2128 2127 erat,
2154 2077 2340 2118 adhibitis
2365 2079 2418 2119 ad

182 2145 415 2189 argumenta
453 2154 478 2180 a
504 2141 629 2180 Musis
662 2155 823 2195 prorsus
854 2141 984 2194 aliena
1010 2140 1290 2183 descendisset.
1344 2128 1564 2194 Utrumque
1590 2139 1711 2192 igitur
1737 2137 1949 2189 distichon,
1981 2145 2021 2179 et
2047 2141 2256 2194 septimum
2281 2147 2322 2182 et
2352 2155 2419 2182 no·

183 2215 287 2250 num,
318 2202 349 2241 si
377 2217 401 2242 a
429 2203 575 2243 Tibulli
602 2204 765 2244 consilio
793 2191 987 2256 abhorret,
1015 2205 1075 2244 his
1104 2205 1239 2244 eiectis
1265 2203 1383 2244 talem
1410 2204 1626 2258 accipimus
1654 2202 1909 2243 distichorum
1936 2202 2151 2256 trilogiam:

702 2278 817 2318 Nunc
844 2286 883 2317 et
909 2293 1046 2318 amara
1072 2279 1174 2328 dies,
1202 2283 1241 2316 et
1266 2278 1393 2316 noctis
1420 2278 1593 2316 amarior
1618 2276 1759 2315 umbra
1786 2281 1863 2326 est3

802 2340 946 2382 Omnia
972 2342 1051 2381 iam
1077 2342 1179 2380 tristi
1205 2346 1383 2394 tempora
1408 2339 1499 2380 felle
1526 2339 1698 2379 madent.

700 2405 759 2444 Ite
785 2404 941 2459 procul,
967 2403 1123 2454 Musae,
1152 2404 1186 2443 si
1210 2402 1267 2442 nil
1291 2402 1486 2457 prodestis
1513 2402 1679 2454 amanti3

801 2469 892 2507 Non
918 2482 992 2520 ego
1019 2481 1110 2516 vos,
1136 2472 1180 2505 ut
1207 2467 1285 2505 sint
1311 2466 1413 2505 bella
1439 2465 1635 2515 canenda,
1664 2465 1770 2504 colo:

663 2548 666 2550 ·
702 2530 768 2570 Ad
795 2530 995 2570 dominam
1023 2530 1159 2570 faciles
1186 2529 1317 2569 aditus
1342 2542 1414 2582 per
1440 2529 1617 2569 carmina
1643 2542 1810 2581 quaer03

799 2594 859 2631 Ite
885 2592 1040 2645 procul,
1067 2592 1224 2641 Musae,
1253 2593 1286 2630 si
1311 2590 1408 2631 nihil
1434 2592 1512 2630 ista
1538 2591 1683 2631 valent.

367 2677 470 2717 'rum
510 2692 605 2717 vero
632 2683 780 2731 quanta
813 2679 982 2730 partium
1022 2675 1300 2729 aequabilitate
1325 2680 1441 2728 poeta
1476 2677 1518 2715 in
1546 2674 1827 2716 distribuendis
1855 2674 2033 2714 distichis
2061 2675 2203 2716 6—26
2231 2689 2327 2716 usus
2355 2678 2415 2727 sit,

181 2739 278 2780 haee
307 2740 436 2793 figura
462 2741 763 2781 demonstrabit:

794 2801 1791 2871 5†(3;¹;3-¹-Q3†?zss,3)÷5

181 2898 295 2947 Quae
321 2898 396 2937 hoc
423 2899 525 2951 signi
552 2919 672 2935 s--a
699 2898 912 2948 illustravi,
939 2899 1041 2938 inter
1068 2911 1109 2936 se
1135 2897 1191 2936 ita
1217 2897 1444 2946 cohaerent,
1486 2903 1532 2936 ut
1556 2896 1655 2936 alter
1680 2902 1880 2935 ternorum
1917 2895 2175 2936 distichorum
2201 2896 2414 2937 fasciculus

181 2960 292 3003 alteri
320 2967 557 3014 opponatur:

349 3033 468 3074 6-9
506 3033 646 3075 Musae
672 3033 769 3075 nihil
795 3032 890 3073 mihi
915 3037 1080 3088 prosunt
1339 3037 1387 3081 -ψ-
1422 3032 1576 3073 11-14
1602 3030 1657 3072 Αι
1683 3031 1821 3085 rapina
1847 3037 1889 3072 et
1912 3031 2055 3073 caedes
2082 3040 2257 3084 prosunt.

327 3108 478 3146 14—17
506 3107 648 3148 Pereat
689 3108 817 3147 cultus
863 3106 1083 3159 muliebris,
1123 3107 1315 3148 avaritiae

510 3185 642 3221 causa,
675 3172 794 3212 anxie
821 3170 1040 3212 custoditus
1337 3176 1386 3217 4-
1421 3170 1574 3210 17—20
1601 3169 1680 3208 Sed
1720 3170 1845 3221 pretio
1891 3170 2070 3210 custodia
2115 3170 2219 3208 vinci
2264 3175 2409 3221 potest:
